@article{list1,
  title={A comparison of list schedules for parallel processing systems},
  author={Adam, Thomas L and Chandy, K. Mani and Dickson, JR},
  journal={Communications of the ACM},
  volume={17},
  number={12},
  pages={685--690},
  year={1974},
  publisher={ACM New York, NY, USA}
}

@article{duplic,
  title={On exploiting task duplication in parallel program scheduling},
  author={Ahmad, Ishfaq and Kwok, Yu-Kwong},
  journal={IEEE Transactions on parallel and distributed systems},
  volume={9},
  number={9},
  pages={872--892},
  year={1998},
  publisher={IEEE}
}

@book{BSPbook2,
  title={Parallel Scientific Computation: A Structured Approach Using BSP},
  author={Bisseling, Rob H},
  year={2020},
  publisher={Oxford University Press, USA}
}

@article{cilk,
  title={Scheduling multithreaded computations by work stealing},
  author={Blumofe, Robert D and Leiserson, Charles E},
  journal={Journal of the ACM (JACM)},
  volume={46},
  number={5},
  pages={720--748},
  year={1999},
  publisher={ACM New York, NY, USA}
}

@inproceedings{logP,
  title={LogP: Towards a realistic model of parallel computation},
  author={Culler, David and Karp, Richard and Patterson, David and Sahay, Abhijit and Schauser, Klaus Erik and Santos, Eunice and Subramonian, Ramesh and Von Eicken, Thorsten},
  booktitle={Proceedings of the fourth ACM SIGPLAN symposium on Principles and practice of parallel programming},
  pages={1--12},
  year={1993}
}

@incollection{cbc1,
  title={CBC user guide},
  author={Forrest, John and Lougee-Heimer, Robin},
  booktitle={Emerging theory, methods, and applications},
  pages={257--277},
  year={2005},
  publisher={INFORMS}
}

@inproceedings{BSPalg3,
  title={Near optimal algorithms for scheduling independent chains in BSP},
  author={Goldman, Alfredo and Mouni{\'e}, Gregory and Trystram, Denis},
  booktitle={Proceedings. Fifth International Conference on High Performance Computing},
  pages={310--317},
  year={1998},
  organization={IEEE}
}

@inproceedings{hier1,
  title={Hierarchical graph partitioning},
  author={Hajiaghayi, Mohammadtaghi and Johnson, Theodore and Khani, Mohammad Reza and Saha, Barna},
  booktitle={Proceedings of the 26th ACM symposium on Parallelism in algorithms and architectures ({SPAA})},
  pages={51--60},
  year={2014}
}

@inproceedings{DAGpart,
  title={Acyclic partitioning of large directed acyclic graphs},
  author={Herrmann, Julien and Kho, Jonathan and U{\c{c}}ar, Bora and Kaya, Kamer and {\c{C}}ataly{\"u}rek, {\"U}mit V},
  booktitle={2017 17th IEEE/ACM international symposium on cluster, cloud and grid computing (CCGRID)},
  pages={371--380},
  year={2017},
  organization={IEEE}
}

@article{BSPlib,
  title={BSPlib: The BSP programming library},
  author={Hill, Jonathan MD and McColl, Bill and Stefanescu, Dan C and Goudreau, Mark W and Lang, Kevin and Rao, Satish B and Suel, Torsten and Tsantilas, Thanasis and Bisseling, Rob H},
  journal={Parallel Computing},
  volume={24},
  number={14},
  pages={1947--1980},
  year={1998},
  publisher={Elsevier}
}

@article{CDcomplexity2,
  title={Three, four, five, six, or the complexity of scheduling with communication delays},
  author={Hoogeveen, JA and Lenstra, Jan Karel and Veltman, Bart},
  journal={Operations Research Letters},
  volume={16},
  number={3},
  pages={129--137},
  year={1994},
  publisher={Elsevier}
}

@article{list2,
  title={Scheduling precedence graphs in systems with interprocessor communication times},
  author={Hwang, Jing-Jang and Chow, Yuan-Chieh and Anger, Frank D and Lee, Chung-Yee},
  journal={siam journal on computing},
  volume={18},
  number={2},
  pages={244--257},
  year={1989},
  publisher={SIAM}
}

@article{clus3,
  title={Clustering-based task scheduling in a large number of heterogeneous processors},
  author={Kanemitsu, Hidehiro and Hanada, Masaki and Nakazato, Hidenori},
  journal={IEEE Transactions on Parallel and Distributed Systems},
  volume={27},
  number={11},
  pages={3144--3157},
  year={2016},
  publisher={IEEE}
}

@inproceedings{multi1,
  title={Multilevel hypergraph partitioning: Application in VLSI domain},
  author={Karypis, George and Aggarwal, Rajat and Kumar, Vipin and Shekhar, Shashi},
  booktitle={Proceedings of the 34th annual Design Automation Conference},
  pages={526--529},
  year={1997}
}

@inproceedings{approx3,
  title={Hierarchy-based algorithms for minimizing makespan under precedence and communication constraints},
  author={Kulkarni, Janardhan and Li, Shi and Tarnawski, Jakub and Ye, Minwei},
  booktitle={Proceedings of the Fourteenth Annual ACM-SIAM Symposium on Discrete Algorithms ({SODA})},
  pages={2770--2789},
  year={2020},
  organization={SIAM}
}

@article{clus2,
  title={Dynamic critical-path scheduling: An effective technique for allocating task graphs to multiprocessors},
  author={Kwok, Yu-Kwong and Ahmad, Ishfaq},
  journal={IEEE transactions on parallel and distributed systems},
  volume={7},
  number={5},
  pages={506--521},
  year={1996},
  publisher={IEEE}
}

@article{PRAMcomplexity1,
  title={Complexity of scheduling under precedence constraints},
  author={Lenstra, Jan Karel and Rinnooy Kan, AHG},
  journal={Operations Research},
  volume={26},
  number={1},
  pages={22--35},
  year={1978},
  publisher={INFORMS}
}

@article{tardiness,
  title={Minimizing total tardiness on a single machine with precedence constraints},
  author={Leung, Joseph Y-T and Young, Gilbert H},
  journal={ORSA Journal on Computing},
  volume={2},
  number={4},
  pages={346--352},
  year={1990},
  publisher={INFORMS}
}

@inproceedings{approx1,
  title={A (1+ epsilon)-approximation for makespan scheduling with precedence constraints using LP hierarchies},
  author={Levey, Elaine and Rothvoss, Thomas},
  booktitle={Proceedings of the forty-eighth annual ACM symposium on Theory of Computing},
  pages={168--177},
  year={2016}
}

@inproceedings{approx2,
  title={Towards PTAS for precedence constrained scheduling via combinatorial algorithms},
  author={Li, Shi},
  booktitle={Proceedings of the 2021 ACM-SIAM Symposium on Discrete Algorithms (SODA)},
  pages={2991--3010},
  year={2021},
  organization={SIAM}
}

@inproceedings{approx4,
  title={Scheduling with Communication Delay in Near-Linear Time},
  author={Liu, Quanquan C and Purohit, Manish and Svitkina, Zoya and Vee, Erik and Wang, Joshua R},
  booktitle={39th International Symposium on Theoretical Aspects of Computer Science (STACS)},
  year={2022}
}

@article{BSPbook1,
  title={Mathematics, Models and Architectures},
  author={McColl, Bill},
  journal={Mathematics for Future Computing and Communications},
  pages={6},
  year={2021},
  publisher={Cambridge University Press}
}

@article{BSPalg1,
  title={Scalable computing},
  author={McColl, William F},
  journal={Computer Science Today},
  pages={46--61},
  year={1995},
  publisher={Springer}
}

@article{BSPalg2,
  title={Memory-efficient matrix multiplication in the BSP model},
  author={McColl, William F and Tiskin, Alexandre},
  journal={Algorithmica},
  volume={24},
  pages={287--297},
  year={1999},
  publisher={Springer}
}

@inproceedings{list4,
  title={An efficient parallel scheduling algorithm of dependent task graphs},
  author={Mingsheng, Shang and Shixin, Sun and Qingxian, Wang},
  booktitle={4th International Conference on Parallel and Distributed Computing, Applications and Technologies},
  pages={595--598},
  year={2003},
  organization={IEEE}
}

@inproceedings{SPD,
  title={A scalable clustering-based task scheduler for homogeneous processors using DAG partitioning},
  author={{\"O}zkaya, M Yusuf and Benoit, Anne and U{\c{c}}ar, Bora and Herrmann, Julien and {\c{C}}ataly{\"u}rek, {\"U}mit V},
  booktitle={IEEE International Parallel and Distributed Processing Symposium (IPDPS)},
  pages={155--165},
  year={2019},
  organization={IEEE}
}

@article{DAGBSP,
  title={DAG Scheduling in the BSP Model},
  author={Papp, P{\'a}l Andr{\'a}s and Anegg, Georg and Yzelman, AN},
  journal={arXiv preprint arXiv:2303.05989},
  year={2023}
}

@inproceedings{hyperDAG,
  title={Partitioning hypergraphs is hard: Models, inapproximability, and applications},
  author={Papp, P{\'a}l Andr{\'a}s and Anegg, Georg and Yzelman, Albert-Jan N},
  booktitle={35th ACM Symposium on Parallelism in Algorithms and Architectures (SPAA)},
  pages={415--425},
  year={2023}
}

@article{CDcomplexity1,
  title={New complexity results on scheduling with small communication delays},
  author={Picouleau, Christophe},
  journal={Discrete Applied Mathematics},
  volume={60},
  number={1-3},
  pages={331--342},
  year={1995},
  publisher={Elsevier}
}

@inproceedings{DAH,
  title={Multilevel Acyclic Hypergraph Partitioning},
  author={Popp, Merten and Schlag, Sebastian and Schulz, Christian and Seemaier, Daniel},
  booktitle={2021 Proceedings of the Workshop on Algorithm Engineering and Experiments (ALENEX)},
  pages={1--15},
  year={2021},
  organization={SIAM}
}

@article{list5,
  title={Low-cost task scheduling for distributed-memory machines},
  author={Radulescu, Andrei and Van Gemund, Arjan JC},
  journal={IEEE transactions on parallel and distributed systems},
  volume={13},
  number={6},
  pages={648--658},
  year={2002},
  publisher={IEEE}
}

@inproceedings{multi3,
  title={K-way hypergraph partitioning via n-level recursive bisection},
  author={Schlag, Sebastian and Henne, Vitali and Heuer, Tobias and Meyerhenke, Henning and Sanders, Peter and Schulz, Christian},
  booktitle={2016 Proceedings of the Eighteenth Workshop on Algorithm Engineering and Experiments (ALENEX)},
  pages={53--67},
  year={2016},
  organization={SIAM}
}

@article{BSPqa,
  title={Questions and answers about BSP},
  author={Skillicorn, David B and Hill, Jonathan and McColl, William F},
  journal={Scientific Programming},
  volume={6},
  number={3},
  pages={249--274},
  year={1997},
  publisher={IOS Press}
}

@inproceedings{PRAMcomplexity3,
  title={Conditional hardness of precedence constrained scheduling on identical machines},
  author={Svensson, Ola},
  booktitle={Proceedings of the forty-second ACM symposium on Theory of computing (STOC)},
  pages={745--754},
  year={2010}
}

@article{list3,
  title={Performance-effective and low-complexity task scheduling for heterogeneous computing},
  author={Topcuoglu, Haluk and Hariri, Salim and Wu, Min-You},
  journal={IEEE transactions on parallel and distributed systems},
  volume={13},
  number={3},
  pages={260--274},
  year={2002},
  publisher={IEEE}
}

@article{multi2,
  title={Parallel multilevel algorithms for hypergraph partitioning},
  author={Trifunovi{\'c}, Aleksandar and Knottenbelt, William J},
  journal={Journal of Parallel and Distributed Computing},
  volume={68},
  number={5},
  pages={563--581},
  year={2008},
  publisher={Elsevier}
}

@article{PRAMcomplexity2,
  title={NP-complete scheduling problems},
  author={Ullman, Jeffrey D.},
  journal={Journal of Computer and System sciences},
  volume={10},
  number={3},
  pages={384--393},
  year={1975},
  publisher={Academic Press}
}

@article{BSPintro,
  title={A bridging model for parallel computation},
  author={Valiant, Leslie G},
  journal={Communications of the ACM},
  volume={33},
  number={8},
  pages={103--111},
  year={1990},
  publisher={ACM New York, NY, USA}
}

@article{multiBSP2,
  title={A bridging model for multi-core computing},
  author={Valiant, Leslie G},
  journal={Journal of Computer and System Sciences},
  volume={77},
  number={1},
  pages={154--166},
  year={2011},
  publisher={Elsevier}
}

@article{schedsurvey,
  title={List-scheduling versus cluster-scheduling},
  author={Wang, Huijun and Sinnen, Oliver},
  journal={IEEE Transactions on Parallel and Distributed Systems},
  volume={29},
  number={8},
  pages={1736--1749},
  year={2018},
  publisher={IEEE}
}

@article{clus1,
  title={DSC: Scheduling parallel tasks on an unbounded number of processors},
  author={Yang, Tao and Gerasoulis, Apostolos},
  journal={IEEE Transactions on parallel and distributed systems},
  volume={5},
  number={9},
  pages={951--967},
  year={1994},
  publisher={IEEE}
}

@article{BSPimpl2,
  title={An object-oriented bulk synchronous parallel library for multicore programming},
  author={Yzelman, AN and Bisseling, Rob H},
  journal={Concurrency and Computation: Practice and Experience},
  volume={24},
  number={5},
  pages={533--553},
  year={2012},
  publisher={Wiley Online Library}
}

@article{BSPimpl1,
  title={MulticoreBSP for C: a high-performance library for shared-memory parallel programming},
  author={Yzelman, AN and Bisseling, Rob H and Roose, Dirk and Meerbergen, Karl},
  journal={International Journal of Parallel Programming},
  volume={42},
  pages={619--642},
  year={2014},
  publisher={Springer}
}

@article{alp1,
  title={A C++ GraphBLAS: specification, implementation, parallelisation, and evaluation},
  author={Yzelman, AN and Di Nardo, D and Nash, JM and Suijlen, WJ},
  journal={arXiv preprint arXiv:1906.03196},
  year={2020}
}

@inproceedings{hdagg,
  title={HDagg: hybrid aggregation of loop-carried dependence iterations in sparse matrix computations},
  author={Zarebavani, Behrooz and Cheshmi, Kazem and Liu, Bangtian and Strout, Michelle Mills and Dehnavi, Maryam Mehri},
  booktitle={2022 IEEE International Parallel and Distributed Processing Symposium (IPDPS)},
  pages={1217--1227},
  year={2022},
  organization={IEEE}
}

@misc{folder,
  year={2024},
  title={Supplementary material},
  howpublished={The scheduling algorithm implementations used in our experiments, our computational DAG database, and the data from our experiments are available at: \url{https://github.com/Algebraic-Programming/Artifacts/tree/master/SPAA_2024_Efficient_Multi-Processor_Scheduling}}}
}
