@ARTICLE{main_survey,
  author={Karabulut Kurt, Gunes and Khoshkholgh, Mohammad G. and Alfattani, Safwan and Ibrahim, Ahmed and Darwish, Tasneem S. J. and Alam, Md Sahabul and Yanikomeroglu, Halim and Yongacoglu, Abbas},
  journal={IEEE Communications Surveys \& Tutorials}, 
  title={A Vision and Framework for the High Altitude Platform Station ({HAPS}) Networks of the Future}, 
  month= {Secondquarter},
  year={2021},
  volume={23},
  number={2},
  pages={729-779},
  doi={10.1109/COMST.2021.3066905}}


@INPROCEEDINGS{UAV1,
  author={Kirubakaran, Balaji and Hosek, Jiri},
  booktitle={2023 IEEE 97th Vehicular Technology Conference (VTC2023-Spring)}, 
  title={Optimizing Tethered {UAV} Deployment for On-Demand Connectivity in Disaster Scenarios}, 
  year={2023},
  volume={},
  number={},
  pages={1-6},
  keywords={Vehicular and wireless technologies;Heuristic algorithms;Simulation;Atmospheric modeling;Wireless networks;Disaster management;Autonomous aerial vehicles;Tethered UAVs;Genetic Algorithms;Disaster management;Unmanned Aerial Vehicles;On-demand connectivity},
  doi={10.1109/VTC2023-Spring57618.2023.10199492}}


@INPROCEEDINGS{UAV2,
  author={Chu, Thi My Chinh and Zepernick, Hans-Jürgen and Duong, Trung Q.},
  booktitle={2022 IEEE 96th Vehicular Technology Conference (VTC2022-Fall)}, 
  title={{NOMA}-Based Full-Duplex {UAV} Network with K-Means Clustering for Disaster Scenarios}, 
  year={2022},
  volume={},
  number={},
  pages={1-7},
  keywords={Fading channels;NOMA;Clustering algorithms;Full-duplex system;Probability;Autonomous aerial vehicles;Downlink;UAV;NOMA;full-duplex relay;K-means algorithm;outage probability;sum rate;disaster scenarios},
  doi={10.1109/VTC2022-Fall57202.2022.10012723}}


@INPROCEEDINGS{UAV3,
  author={Lin, Yu and Wang, Tianyu and Wang, Shaowei},
  booktitle={2019 IEEE Global Communications Conference (GLOBECOM)}, 
  title={Trajectory Planning for Multi-{UAV} Assisted Wireless Networks in Post-Disaster Scenario}, 
  year={2019},
  volume={},
  number={},
  pages={1-6},
  keywords={Trajectory;Planning;Batteries;Wireless networks;Throughput;Base stations;Simulation},
  doi={10.1109/GLOBECOM38437.2019.9014091}}


@article{UAV_disaster,
  title={Unmanned aerial vehicles for disaster management},
  author={Luo, Chunbo and Miao, Wang and Ullah, Hanif and McClean, Sally and Parr, Gerard and Min, Geyong},
  journal={Geological disaster monitoring based on sensor networks},
  pages={83--107},
  year={2019},
  publisher={Springer}
}

@ARTICLE{HAPS-NTN,
  author={Lou, Zhengying and Youcef Belmekki, Baha Eddine and Alouini, Mohamed-Slim},
  journal={IEEE Wireless Communications}, 
  title={{HAPS} in the Non-Terrestrial Network Nexus: Prospective Architectures and Performance Insights}, 
  year={2023},
  volume={30},
  number={6},
  pages={52-58},
  keywords={Measurement;Satellites;Channel capacity;Network architecture;Performance gain;Routing;Autonomous aerial vehicles},
  doi={10.1109/MWC.004.2300198}}


@ARTICLE{haps-smbs,
  author={Alam, Md Sahabul and Kurt, Gunes Karabulut and Yanikomeroglu, Halim and Zhu, Peiying and Dao, Ngoc Dũng},
  journal={IEEE Communications Magazine}, 
  title={High Altitude Platform Station Based Super Macro Base Station Constellations}, 
  year={2021},
  volume={59},
  number={1},
  pages={103-109},
  keywords={Industries;Base stations;Composite materials;Wireless networks;Computer architecture;Batteries;Solar panels},
  doi={10.1109/MCOM.001.2000542}}

%Literature Review:



@ARTICLE{Backhaul_Cons,
  author={Zhao, Yikun and Zhou, Fanqin and Feng, Lei and Li, Wenjing and Sun, Yao and Imran, Muhammad Ali},
  journal={IEEE Communications Letters}, 
  title={Backhaul-Constrained Coverage Analysis of Integrated High and Low Altitude Platforms Aerial Communication System in Post-Disaster Areas}, 
  year={2023},
  volume={27},
  number={6},
  pages={1629-1633},
  keywords={Backhaul networks;Millimeter wave communication;Signal to noise ratio;Fading channels;Geometry;Stochastic processes;Receivers;Aerial communication networks;high altitude platforms;stochastic geometry},
  doi={10.1109/LCOMM.2023.3260813}}


@article{wireless_bachaul,
  title={Analysis of Wireless Backhaul Networks Based on Aerial Platform Technology for 6{G} Systems.},
  author={Song, Sooeun and Choi, Minsu and Goh, Yunyeong and Yun, Jusik and Yoo, Wonsuk and Yang, Wonsik and Jung, Jaewook and Chung, Jong-Moon},
  journal={Computers, Materials \& Continua},
  volume={62},
  number={2},
  year={2020}
}

@INPROCEEDINGS{Omid,
  author={Abbasi, Omid and Yanikomeroglu, Halim},
  booktitle={ICC 2022 - IEEE International Conference on Communications}, 
  title={A Cell-Free Scheme for {UAV} Base Stations with {HAPS}-Assisted Backhauling in Terahertz Band}, 
  year={2022},
  volume={},
  number={},
  pages={249-254},
  keywords={Wireless communication;Simulation;Interference;Autonomous aerial vehicles;Transceivers;Resource management;Reliability;UAV BS;cell-free;HAPS;THz;backhaul},
  doi={10.1109/ICC45855.2022.9838511}}

@INPROCEEDINGS{IoT_Collecting,
  author={Andreadis, Alessandro and Giambene, Giovanni and Zambon, Riccardo},
  booktitle={2023 International Conference on Information and Communication Technologies for Disaster Management (ICT-DM)}, 
  title={Role of {UAVs} and {HAPS} for {IoT-based} Monitoring in Emergency Scenarios}, 
  year={2023},
  volume={},
  number={},
  pages={1-8},
  keywords={Surveys;Disaster management;Emergency services;Autonomous aerial vehicles;Telecommunications;Information and communication technology;Internet of Things;IoT;UAV;HAPS;NB-IoT;LoRa/LoRaWAN},
  doi={10.1109/ICT-DM58371.2023.10286916}}


@ARTICLE{UAV_energy,
  author={Qi, Hang and Hu, Zhiqun and Huang, Hao and Wen, Xiangming and Lu, Zhaoming},
  journal={IEEE Access}, 
  title={Energy Efficient 3-{D} {UAV} Control for Persistent Communication Service and Fairness: A Deep Reinforcement Learning Approach}, 
  year={2020},
  volume={8},
  number={},
  pages={53172-53184},
  keywords={Unmanned aerial vehicles;Data models;Trajectory;Energy consumption;Batteries;Wireless networks;UAV communication;energy efficiency;fairness;energy replenishment;deep reinforcement learning;DDPG},
  doi={10.1109/ACCESS.2020.2981403}}


@ARTICLE{earth,
  author={Auer, Gunther and Giannini, Vito and Desset, Claude and Godor, Istvan and Skillermark, Per and Olsson, Magnus and Imran, Muhammad Ali and Sabella, Dario and Gonzalez, Manuel J. and Blume, Oliver and Fehske, Albrecht},
  journal={IEEE Wireless Communications}, 
  title={How much energy is needed to run a wireless network?}, 
  month= {Oct.},
  year={2011},
  volume={18},
  number={5},
  pages={40-49},
  doi={10.1109/MWC.2011.6056691}}

  @TechReport{itu_vision_june_23,

	institution    ={ITU-R Working Party 5D, International Telecommunication Union (ITU)},
	title         = {{The ITU-R Framework for IMT-2030}},
	year          = {2023},
	url		= {https://www.itu.int/en/ITU-R/study-groups/rsg5/rwp5d/imt-2030/Pages/default.aspx},
	month         = {July},
}


@article{landing_UAV,
  title={Coverage and throughput analysis of an energy efficient {UAV} base station positioning scheme},
  author={Abubakar, Attai Ibrahim and Mollel, Michael S and Onireti, Oluwakayode and Ozturk, Metin and Ahmad, Iftikhar and Asad, Syed Muhammad and Sambo, Yusuf and Zoha, Ahmed and Hussain, Sajjad and Imran, Muhammad Ali},
  journal={Computer Networks},
  pages={109854},
  year={2023},
  publisher={Elsevier}
}