@PREAMBLE{
 "\providecommand{\noopsort}[1]{}" 
 # "\providecommand{\singleletter}[1]{#1}%" 
}

@article{muller11p112901,
  title={Ferroelectric \uppercase{Z}r$_{0.5}$\uppercase{H}f$_{0.5}$\uppercase{O}$_{2}$ thin films for nonvolatile memory applications},
  author={M{\"u}ller, J and B{\"o}scke, TS and Br{\"a}uhaus, D and Schr{\"o}der, U and B{\"o}ttger, U and Sundqvist, J and K{\"u}cher, P and Mikolajick, T and Frey, L},
  journal={Applied Physics Letters},
  volume={99},
  number={11},
  pages={112901},
  year={2011},
  publisher={AIP Publishing}
}

@article{boscke11p112904,
  title={Phase transitions in ferroelectric silicon doped hafnium oxide},
  author={B{\"o}scke, TS and Teichert, St and Br{\"a}uhaus, D and M{\"u}ller, J and Schr{\"o}der, U and B{\"o}ttger, U and Mikolajick, T},
  journal={Applied Physics Letters},
  volume={99},
  number={11},
  pages={112904},
  year={2011},
  publisher={AIP Publishing}
}

@article{hoffmann15p072006,
  title={Stabilizing the ferroelectric phase in doped hafnium oxide},
  author={Hoffmann, M and Schroeder, Uwe and Schenk, Tony and Shimizu, T and Funakubo, H and Sakata, O and Pohl, D and Drescher, M and Adelmann, Christoph and Materlik, R and others},
  journal={Journal of Applied Physics},
  volume={118},
  number={7},
  pages= {072006},
  year={2015},
  publisher={AIP Publishing}
}

@article{reyes14p140103,
  title={Antiferroelectricity in thin-film \uppercase{Z}r\uppercase{O}$_2$ from first principles},
  author={Reyes-Lillo, Sebastian E and Garrity, Kevin F and Rabe, Karin M},
  journal={Physical Review B},
  volume={90},
  number={14},
  pages={140103},
  year={2014},
  publisher={APS}
}

@article{terki08p1484,
  title={Cubic-to-tetragonal phase transition of \uppercase{H}f\uppercase{O}$_2$ from computational study},
  author={Terki, R and Bertrand, G and Aourag, H and Coddet, C},
  journal={Materials Letters},
  volume={62},
  number={10-11},
  pages={1484--1486},
  year={2008},
  publisher={Elsevier}
}

@article{kelley23p1144,
  title={Ferroelectricity in hafnia controlled via surface electrochemical state},
  author={Kelley, Kyle P and Morozovska, Anna N and Eliseev, Eugene A and Liu, Yongtao and Fields, Shelby S and Jaszewski, Samantha T and Mimura, Takanori and Calderon, Sebastian and Dickey, Elizabeth C and Ihlefeld, Jon F and others},
  journal={Nature Materials},
  volume={22},
  number={9},
  pages={1144--1151},
  year={2023},
  publisher={Nature Publishing Group UK London}
}

@article{mikolajick18p340,
  title={Ferroelectric hafnium oxide for ferroelectric random-access memories and ferroelectric field-effect transistors},
  author={Mikolajick, Thomas and Slesazeck, Stefan and Park, Min Hyuk and Schroeder, Uwe},
  journal={Mrs Bulletin},
  volume={43},
  number={5},
  pages={340--346},
  year={2018},
  publisher={Cambridge University Press}
}

@article{khan15p182,
  title={Negative capacitance in a ferroelectric capacitor},
  author={Khan, Asif Islam and Chatterjee, Korok and Wang, Brian and Drapcho, Steven and You, Long and Serrao, Claudy and Bakaul, Saidur Rahman and Ramesh, Ramamoorthy and Salahuddin, Sayeef},
  journal={Nature Materials},
  volume={14},
  number={2},
  pages={182--186},
  year={2015},
  publisher={Nature Publishing Group UK London}
}

@article{saha21p133701,
  title={Intrinsic synaptic plasticity of ferroelectric field effect transistors for online learning},
  author={Saha, Arnob and Islam, ANM and Zhao, Zijian and Deng, Shan and Ni, Kai and Sengupta, Abhronil},
  journal={Applied Physics Letters},
  volume={119},
  number={13},
  pages={133701},
  year={2021},
  publisher={AIP Publishing}
}

@article{lee19p8929,
  title={Stable subloop behavior in ferroelectric Si-doped \uppercase{H}f\uppercase{O}$_2$},
  author={Lee, Kyoungjun and Lee, Hyun-Jae and Lee, Tae Yoon and Lim, Hong Heon and Song, Myeong Seop and Yoo, Hyang Keun and Suh, Dong Ik and Lee, Jae Gil and Zhu, Zhongwei and Yoon, Alexander and others},
  journal={ACS applied materials \& interfaces},
  volume={11},
  number={42},
  pages={38929--38936},
  year={2019},
  publisher={ACS Publications}
}

@article{zhou15p240,
  title={Electric field and temperature scaling of polarization reversal in silicon doped hafnium oxide ferroelectric thin films},
  author={Zhou, Dayu and Guan, Yan and Vopson, Melvin M and Xu, Jin and Liang, Hailong and Cao, Fei and Dong, Xianlin and Mueller, Johannes and Schenk, Tony and Schroeder, Uwe},
  journal={Acta Materialia},
  volume={99},
  pages={240--246},
  year={2015},
  publisher={Elsevier}
}

@article{lee20p1343,
  title={Scale-free ferroelectricity induced by flat phonon bands in \uppercase{H}f\uppercase{O}$_2$},
  author={Lee, Hyun-Jae and Lee, Minseong and Lee, Kyoungjun and Jo, Jinhyeong and Yang, Hyemi and Kim, Yungyeom and Chae, Seung Chul and Waghmare, Umesh and Lee, Jun Hee},
  journal={Science},
  volume={369},
  number={6509},
  pages={1343--1347},
  year={2020},
  publisher={American Association for the Advancement of Science}
}

@article{ding20p556,
  title={The atomic-scale domain wall structure and motion in \uppercase{H}f\uppercase{O}$_2$-based ferroelectrics: A first-principle study},
  author={Ding, Weitong and Zhang, Yuke and Tao, Lingling and Yang, Qiong and Zhou, Yichun},
  journal={Acta Materialia},
  volume={196},
  pages={556--564},
  year={2020},
  publisher={Elsevier}
}

@article{boscke11p102903,
  title={Ferroelectricity in hafnium oxide thin films},
  author={B{\"o}scke, TS and M{\"u}ller, J and Br{\"a}uhaus, D and Schr{\"o}der, U and B{\"o}ttger, U},
  journal={Applied Physics Letters},
  volume={99},
  pages={102903},
  number={10},
  year={2011},
  publisher={AIP Publishing}
}

@article{muller12p4318,
  title={Ferroelectricity in simple binary \uppercase{Z}r\uppercase{O}$_2$ and \uppercase{H}f\uppercase{O}$_2$},
  author={M{\"u}ller, Johannes and B{\"o}scke, Tim S and Schr{\"o}der, Uwe and Mueller, Stefan and Br{\"a}uhaus, Dennis and B{\"o}ttger, Ulrich and Frey, Lothar and Mikolajick, Thomas},
  journal={Nano Letters},
  volume={12},
  number={8},
  pages={4318--4323},
  year={2012},
  publisher={ACS Publications}
}

@article{shin07p881,
  title={Nucleation and growth mechanism of ferroelectric domain-wall motion},
  author={Shin, Young-Han and Grinberg, Ilya and Chen, I-Wei and Rappe, Andrew M},
  journal={Nature},
  volume={449},
  number={7164},
  pages={881--884},
  year={2007},
  publisher={Nature Publishing Group UK London}
}

@article{liu16p360,
  title={Intrinsic ferroelectric switching from first principles},
  author={Liu, Shi and Grinberg, Ilya and Rappe, Andrew M},
  journal={Nature},
  volume={534},
  number={7607},
  pages={360--363},
  year={2016},
  publisher={Nature Publishing Group UK London}
}

@article{tybell02p097601,
  title={Domain Wall Creep in Epitaxial Ferroelectric \uppercase{P}b(\uppercase{Z}r$_{0.2}$\uppercase{T}i$_{0.8}$)\uppercase{O}$_3$ Thin Films},
  author={Tybell, Th and Paruch, Patrycja and Giamarchi, Thierry and Triscone, J-M},
  journal={Physical Review Letters},
  volume={89},
  number={9},
  pages={097601},
  year={2002},
  publisher={APS}
}

@article{hayashi72p616,
  title={Kinetics of domain wall motion in ferroelectric switching. I. General formulation},
  author={Hayashi, Mitsuhiko},
  journal={Journal of the Physical Society of Japan},
  volume={33},
  number={3},
  pages={616--628},
  year={1972},
  publisher={The Physical Society of Japan}
}

@article{miller60p1460,
  title={Mechanism for the sidewise motion of 180 domain walls in barium titanate},
  author={Miller, Robert C and Weinreich, Gabriel},
  journal={Physical Review},
  volume={117},
  number={6},
  pages={1460},
  year={1960},
  publisher={APS}
}

@article{zhao22p064104,
  title={Symmetry of ferroelectric switching and domain walls in hafnium dioxide},
  author={Zhao, Guo-Dong and Liu, Xingen and Ren, Wei and Zhu, Xiaona and Yu, Shaofeng},
  journal={Physical Review B},
  volume={106},
  number={6},
  pages={064104},
  year={2022},
  publisher={APS}
}

@article{muller15pN30,
  title={Ferroelectric hafnium oxide based materials and devices: Assessment of current status and future prospects},
  author={M{\"u}ller, J and Polakowski, P and Mueller, S and Mikolajick, Thomas},
  journal={ECS Journal of Solid State Science and Technology},
  volume={4},
  number={5},
  pages={N30},
  year={2015},
  publisher={IOP Publishing}
}

@article{wang21p010902,
  title={Perspective on the switching behavior of \uppercase{H}f\uppercase{O}$_2$-based ferroelectrics},
  author={Wang, Chenxi and Qiao, Huimin and Kim, Yunseok},
  journal={Journal of Applied Physics},
  volume={129},
  number={1},
  pages={010902},
  year={2021},
  publisher={AIP Publishing}
}

@article{mittmann19p1900042,
  title={Origin of ferroelectric phase in undoped \uppercase{H}f\uppercase{O}$_2$ films deposited by sputtering},
  author={Mittmann, Terence and Materano, Monica and Lomenzo, Patrick D and Park, Min Hyuk and Stolichnov, Igor and Cavalieri, Matteo and Zhou, Chuanzhen and Chung, Ching-Chang and Jones, Jacob L and Szyjka, Thomas and others},
  journal={Advanced Materials Interfaces},
  volume={6},
  number={11},
  pages={1900042},
  year={2019},
  publisher={Wiley Online Library}
}

@article{materlik18p164101,
  title={Al-, \uppercase{Y}-, and \uppercase{L}a-doping effects favoring intrinsic and field induced ferroelectricity in \uppercase{H}f\uppercase{O}$_2$: A first principles study},
  author={Materlik, Robin and K{\"u}nneth, Christopher and Falkowski, Max and Mikolajick, Thomas and Kersch, Alfred},
  journal={Journal of Applied Physics},
  volume={123},
  number={16},
  pages={164101},
  year={2018},
  publisher={AIP Publishing}
}

@article{pevsic16p4601,
  title={Physical mechanisms behind the field-cycling behavior of \uppercase{H}f\uppercase{O}$_2$-based ferroelectric capacitors},
  author={Pe{\v{s}}i{\'c}, Milan and Fengler, Franz Paul Gustav and Larcher, Luca and Padovani, Andrea and Schenk, Tony and Grimley, Everett D and Sang, Xiahan and LeBeau, James M and Slesazeck, Stefan and Schroeder, Uwe and others},
  journal={Advanced Functional Materials},
  volume={26},
  number={25},
  pages={4601--4612},
  year={2016},
  publisher={Wiley Online Library}
}

@article{xu21p826,
  title={Kinetically stabilized ferroelectricity in bulk single-crystalline \uppercase{H}f\uppercase{O}$_2$: Y},
  author={Xu, Xianghan and Huang, Fei-Ting and Qi, Yubo and Singh, Sobhit and Rabe, Karin M and Obeysekera, Dimuthu and Yang, Junjie and Chu, Ming-Wen and Cheong, Sang-Wook},
  journal={Nature Materials},
  volume={20},
  number={6},
  pages={826--832},
  year={2021},
  publisher={Nature Publishing Group UK London}
}

@article{olsenp12p082905,
  title={Co-sputtering yttrium into hafnium oxide thin films to produce ferroelectric properties},
  author={Olsen, T and Schr{\"o}der, U and M{\"u}ller, S and Krause, A and Martin, D and Singh, A and M{\"u}ller, J and Geidel, M and Mikolajick, T},
  journal={Applied Physics Letters},
  volume={101},
  number={8},
  pages={082905},
  year={2012},
  publisher={AIP Publishing}
}

@article{hyuk14p072901,
  title={The effects of crystallographic orientation and strain of thin \uppercase{H}f$_{0.5}$\uppercase{Z}r$_{0.5}$\uppercase{O}$_2$ film on its ferroelectricity},
  author={Hyuk Park, Min and Joon Kim, Han and Jin Kim, Yu and Moon, Taehwan and Seong Hwang, Cheol},
  journal={Applied Physics Letters},
  volume={104},
  number={7},
  pages={072901},
  year={2014},
  publisher={AIP Publishing}
}

@article{zhou22peadd5953,
  title={Strain-induced antipolar phase in hafnia stabilizes robust thin-film ferroelectricity},
  author={Zhou, Songsong and Zhang, Jiahao and Rappe, Andrew M},
  journal={Science Advances},
  volume={8},
  number={47},
  pages={eadd5953},
  year={2022},
  publisher={American Association for the Advancement of Science}
}

@article{qi20p214108,
  title={Phase competition in \uppercase{H}f\uppercase{O}$_2$ with applied electric field from first principles},
  author={Qi, Yubo and Rabe, Karin M},
  journal={Physical Review B},
  volume={102},
  number={21},
  pages={214108},
  year={2020},
  publisher={APS}
}

@article{shimizu15p112904,
  title={Contribution of oxygen vacancies to the ferroelectric behavior of \uppercase{H}f$_{0.5}$\uppercase{Z}r$_{0.5}$\uppercase{O}$_2$ thin films},
  author={Shimizu, Takao and Yokouchi, Tatsuhiko and Oikawa, Takahiro and Shiraishi, Takahisa and Kiguchi, Takanori and Akama, Akihiro and Konno, Toyohiko J and Gruverman, Alexei and Funakubo, Hiroshi},
  journal={Applied Physics Letters},
  volume={106},
  number={11},
  pages={112904},
  year={2015},
  publisher={AIP Publishing}
}

@article{merz54p690,
  title={Domain formation and domain wall motions in ferroelectric \uppercase{B}a\uppercase{T}i\uppercase{O}$_3$ single crystals},
  author={Merz, Walter J},
  journal={Physical Review},
  volume={95},
  number={3},
  pages={690},
  year={1954},
  publisher={APS}
}

@article{ihlefeld23p082901,
  title={Applied in-plane strain effects on the polarization response of ferroelectric hafnium zirconium oxide thin films},
  author={Ihlefeld, Jon F and Peters, Travis and Jaszewski, Samantha T and Mimura, Takanori and Aronson, Benjamin L and Trolier-McKinstry, Susan},
  journal={Applied Physics Letters},
  volume={123},
  number={8},
  pages={082901},
  year={2023},
  publisher={AIP Publishing}
}

@article{kresse96p15,
  title={Efficiency of ab-initio total energy calculations for metals and semiconductors using a plane-wave basis set},
  author={Kresse, Georg and Furthm{\"u}ller, J{\"u}rgen},
  journal={Computational Materials Science},
  volume={6},
  number={1},
  pages={15--50},
  year={1996},
  publisher={Elsevier}
}

@article{kresse96p11169,
  title={Efficient iterative schemes for ab initio total-energy calculations using a plane-wave basis set},
  author={Kresse, Georg and Furthm{\"u}ller, J{\"u}rgen},
  journal={Physical Review B},
  volume={54},
  number={16},
  pages={11169},
  year={1996},
  publisher={APS}
}

@article{blochl94p17953,
  title={Projector augmented-wave method},
  author={Bl{\"o}chl, Peter E},
  journal={Physical Review B},
  volume={50},
  number={24},
  pages={17953},
  year={1994},
  publisher={APS}
}

@article{kresse99p1758,
  title={From ultrasoft pseudopotentials to the projector augmented-wave method},
  author={Kresse, Georg and Joubert, Daniel},
  journal={Physical Review B},
  volume={59},
  number={3},
  pages={1758},
  year={1999},
  publisher={APS}
}

@article{Momma21p1272,
  title={VESTA 3 for three-dimensional visualization of crystal, volumetric and morphology data},
  author={Momma, Koichi and Izumi, Fujio},
  journal={Journal of Applied Crystallography},
  volume={44},
  number={6},
  pages={1272--1276},
  year={2011},
  publisher={International Union of Crystallography}
}