% scibib.bib

% This is the .bib file used to compile the document "A simple Science
% template" (scifile.tex).  It is not intended as an example of how to
% set up your BibTeX file.

@article{boscke2011ferroelectricity,
  title={Ferroelectricity in hafnium oxide thin films},
  author={B{\"o}scke, TS and M{\"u}ller, J and Br{\"a}uhaus, D and Schr{\"o}der, U and B{\"o}ttger, U},
  journal={Applied Physics Letters},
  volume={99},
  number={10},
  pages={102903},
  year={2011},
  publisher={American Institute of Physics}
}

@article{mikolajick2018ferroelectric,
  title={Ferroelectric hafnium oxide for ferroelectric random-access memories and ferroelectric field-effect transistors},
  author={Mikolajick, Thomas and Slesazeck, Stefan and Park, Min Hyuk and Schroeder, Uwe},
  journal={MRS Bulletin},
  volume={43},
  number={5},
  pages={340--346},
  year={2018},
  publisher={Cambridge University Press}
}

@article{khan2015negative,
  title={Negative capacitance in a ferroelectric capacitor},
  author={Khan, Asif Islam and Chatterjee, Korok and Wang, Brian and Drapcho, Steven and You, Long and Serrao, Claudy and Bakaul, Saidur Rahman and Ramesh, Ramamoorthy and Salahuddin, Sayeef},
  journal={Nature Materials},
  volume={14},
  number={2},
  pages={182--186},
  year={2015},
  publisher={Nature Publishing Group}
}

@article{cheema2020enhanced,
  title={Enhanced ferroelectricity in ultrathin films grown directly on silicon},
  author={Cheema, Suraj S and Kwon, Daewoong and Shanker, Nirmaan and Dos Reis, Roberto and Hsu, Shang-Lin and Xiao, Jun and Zhang, Haigang and Wagner, Ryan and Datar, Adhiraj and McCarter, Margaret R and Serrao, Claudy R and Yadav, Ajay K and Karbasian, Golnaz and Hsu, Cheng-Hsiang and Tan, Ava J and Wang, Li-Chen and Thakare, Vishal and Zhang, Xiang and Mehta, Apurva and Karapetrova, Evguenia and Chopdekar, Rajesh V and Shafer, Padraic and Arenholz, Elke and Hu, chenming and Proksch, Roger and Ramesh, Ramamoorthy and Ciston, Jim and Salahuddin, Sayeef},
  journal={Nature},
  volume={580},
  number={7804},
  pages={478--482},
  year={2020},
  publisher={Nature Publishing Group}
}

@article{polakowski2015ferroelectricity,
  title={Ferroelectricity in undoped hafnium oxide},
  author={Polakowski, Patrick and M{\"u}ller, Johannes},
  journal={Applied Physics Letters},
  volume={106},
  number={23},
  pages={232905},
  year={2015},
  publisher={AIP Publishing LLC}
}

@article{ahn2004ferroelectricity,
  title={Ferroelectricity at the nanoscale: local polarization in oxide thin films and heterostructures},
  author={Ahn, CH and Rabe, KM and Triscone, J-M},
  journal={Science},
  volume={303},
  number={5657},
  pages={488--491},
  year={2004},
  publisher={American Association for the Advancement of Science}
}

@article{dawber2005physics,
  title={Physics of thin-film ferroelectric oxides},
  author={Dawber, Matthew and Rabe, KM and Scott, JF},
  journal={Reviews of Modern Physics},
  volume={77},
  number={4},
  pages={1083},
  year={2005},
  publisher={APS}
}

@article{materlik2015origin,
  title={The origin of ferroelectricity in {H}f$_{1-x}${Z}r$_{x}${O}$_{2}$: A computational investigation and a surface energy model},
  author={Materlik, Robin and K{\"u}nneth, Christopher and Kersch, Alfred},
  journal={Journal of Applied Physics},
  volume={117},
  number={13},
  pages={134109},
  year={2015},
  publisher={AIP Publishing LLC}
}

@article{mittmann2019origin,
  title={Origin of ferroelectric phase in undoped {H}f{O}$_2$ films deposited by sputtering},
  author={Mittmann, Terence and Materano, Monica and Lomenzo, Patrick D and Park, Min Hyuk and Stolichnov, Igor and Cavalieri, Matteo and Zhou, Chuanzhen and Chung, Ching-Chang and Jones, Jacob L and Szyjka, Thomas and M{\"u}ller, Martina and Kersch, Alfred and Mikolajick, Thomas and Schroeder, Uwe},
  journal={Advanced Materials Interfaces},
  volume={6},
  number={11},
  pages={1900042},
  year={2019},
  publisher={Wiley Online Library}
}

@article{pevsic2016physical,
  title={Physical mechanisms behind the field-cycling behavior of {H}f{O}$_2$-based ferroelectric capacitors},
  author={Pe{\v{s}}i{\'c}, Milan and Fengler, Franz Paul Gustav and Larcher, Luca and Padovani, Andrea and Schenk, Tony and Grimley, Everett D and Sang, Xiahan and LeBeau, James M and Slesazeck, Stefan and Schroeder, Uwe and Mikolajick, Thomas},
  journal={Advanced Functional Materials},
  volume={26},
  number={25},
  pages={4601--4612},
  year={2016},
  publisher={Wiley Online Library}
}

@article{muller2011ferroelectricity,
  title={Ferroelectricity in yttrium-doped hafnium oxide},
  author={M{\"u}ller, J and Schr{\"o}der, U and B{\"o}scke, TS and M{\"u}ller, I and B{\"o}ttger, U and Wilde, L and Sundqvist, J and Lemberger, M and K{\"u}cher, P and Mikolajick, T and Frey, L},
  journal={Journal of Applied Physics},
  volume={110},
  number={11},
  pages={114113},
  year={2011},
  publisher={American Institute of Physics}
}

@article{levanyuk1974improper,
  title={Improper ferroelectrics},
  author={Levanyuk, AP and Sannikov, Daniil G},
  journal={Soviet Physics Uspekhi},
  volume={17},
  number={2},
  pages={199},
  year={1974},
  publisher={IOP Publishing}
}

@article{qi2020phase,
  title={Phase competition in {H}f{O}$_2$ with applied electric field from first principles},
  author={Qi, Yubo and Rabe, Karin M},
  journal={Physical Review B},
  volume={102},
  number={21},
  pages={214108},
  year={2020},
  publisher={APS}
}

@article{reyes2014antiferroelectricity,
  title={Antiferroelectricity in thin-film {Z}r{O}$_2$ from first principles},
  author={Reyes-Lillo, Sebastian E and Garrity, Kevin F and Rabe, Karin M},
  journal={Physical Review B},
  volume={90},
  number={14},
  pages={140103},
  year={2014},
  publisher={APS}
}

@article{terki2008cubic,
  title={Cubic-to-tetragonal phase transition of {H}f{O}$_2$ from computational study},
  author={Terki, R and Bertrand, G and Aourag, H and Coddet, C},
  journal={Materials Letters},
  volume={62},
  number={10-11},
  pages={1484--1486},
  year={2008},
  publisher={Elsevier}
}

@article{lee2020scale,
  title={Scale-free ferroelectricity induced by flat phonon bands in {H}f{O}$_2$},
  author={Lee, Hyun-Jae and Lee, Minseong and Lee, Kyoungjun and Jo, Jinhyeong and Yang, Hyemi and Kim, Yungyeom and Chae, Seung Chul and Waghmare, Umesh and Lee, Jun Hee},
  journal={Science},
  volume={369},
  number={6509},
  pages={1343--1347},
  year={2020},
  publisher={American Association for the Advancement of Science}
}

@article{krebs1988raman,
  title={A Raman spectral characterization of various crystalline mixtures in the {Z}r{O}$_2$-{T}i{O}$_2$ and {H}f{O}$_2$-{T}i{O}$_2$ systems},
  author={Krebs, MA and Condrate, RA},
  journal={Journal of Materials Science Letters},
  volume={7},
  number={12},
  pages={1327--1330},
  year={1988},
  publisher={Springer}
}

@article{fennie2005ferroelectric,
  title={Ferroelectric transition in {Y}{M}n{O}$_3$ from first principles},
  author={Fennie, Craig J and Rabe, Karin M},
  journal={Physical Review B},
  volume={72},
  number={10},
  pages={100103},
  year={2005},
  publisher={APS}
}

@article{sai2009absence,
  title={Absence of critical thickness in an ultrathin improper ferroelectric film},
  author={Sai, Na and Fennie, Craig J and Demkov, Alexander A},
  journal={Physical Review Letters},
  volume={102},
  number={10},
  pages={107601},
  year={2009},
  publisher={APS}
}

@article{raeliarijaona2021origin,
  title={Origin of Ferroelectricity in Hafnia from Epitaxial Strain},
  author={Raeliarijaona, Aldo and Cohen, RE},
  journal={arXiv preprint arXiv:2108.09884},
  year={2021}
}

@article{hyuk2014effects,
  title={The effects of crystallographic orientation and strain of thin {H}f$_{0.5}${Z}r$_{0.5}${O}$_2$ film on its ferroelectricity},
  author={Hyuk Park, Min and Joon Kim, Han and Jin Kim, Yu and Moon, Taehwan and Seong Hwang, Cheol},
  journal={Applied Physics Letters},
  volume={104},
  number={7},
  pages={072901},
  year={2014},
  publisher={American Institute of Physics}
}

@article{bousquet2008improper,
  title={Improper ferroelectricity in perovskite oxide artificial superlattices},
  author={Bousquet, Eric and Dawber, Matthew and Stucki, Nicolas and Lichtensteiger, Celine and Hermet, Patrick and Gariglio, Stefano and Triscone, Jean-Marc and Ghosez, Philippe},
  journal={Nature},
  volume={452},
  number={7188},
  pages={732--736},
  year={2008},
  publisher={Nature Publishing Group}
}

@article{oh2015experimental,
  title={Experimental demonstration of hybrid improper ferroelectricity and the presence of abundant charged walls in ({C}a,{S}r)$_3${T}i$_2${O}$_7$ crystals},
  author={Oh, Yoon Seok and Luo, Xuan and Huang, Fei-Ting and Wang, Yazhong and Cheong, Sang-Wook},
  journal={Nature Materials},
  volume={14},
  number={4},
  pages={407--413},
  year={2015},
  publisher={Nature Publishing Group}
}

@article{khan2020future,
  title={The future of ferroelectric field-effect transistor technology},
  author={Khan, Asif Islam and Keshavarzi, Ali and Datta, Suman},
  journal={Nature Electronics},
  volume={3},
  number={10},
  pages={588--597},
  year={2020},
  publisher={Nature Publishing Group}
}

@article{ali2018high,
  title={High endurance ferroelectric hafnium oxide-based FeFET memory without retention penalty},
  author={Ali, T and Polakowski, P and Riedel, S and B{\"u}ttner, T and K{\"a}mpfe, T and Rudolph, M and P{\"a}tzold, B and Seidel, K and L{\"o}hr, D and Hoffmann, R and others},
  journal={IEEE Transactions on Electron Devices},
  volume={65},
  number={9},
  pages={3769--3774},
  year={2018},
  publisher={IEEE}
}

@article{park2017surface,
  title={Surface and grain boundary energy as the key enabler of ferroelectricity in nanoscale hafnia-zirconia: a comparison of model and experiment},
  author={Park, Min Hyuk and Lee, Young Hwan and Kim, Han Joon and Schenk, Tony and Lee, Woongkyu and Do Kim, Keum and Fengler, Franz PG and Mikolajick, Thomas and Schroeder, Uwe and Hwang, Cheol Seong},
  journal={Nanoscale},
  volume={9},
  number={28},
  pages={9973--9986},
  year={2017},
  publisher={Royal Society of Chemistry}
}

@article{materlik2018and,
  title={{A}l-,{Y}-, and {L}a-doping effects favoring intrinsic and field induced ferroelectricity in {H}f{O}$_2$: A first principles study},
  author={Materlik, Robin and K{\"u}nneth, Christopher and Falkowski, Max and Mikolajick, Thomas and Kersch, Alfred},
  journal={Journal of Applied Physics},
  volume={123},
  number={16},
  pages={164101},
  year={2018},
  publisher={AIP Publishing LLC}
}

@article{saha2021intrinsic,
  title={Intrinsic synaptic plasticity of ferroelectric field effect transistors for online learning},
  author={Saha, Arnob and Islam, ANM Nafiul and Zhao, Zijian and Deng, Shan and Ni, Kai and Sengupta, Abhronil},
  journal={Applied Physics Letters},
  volume={119},
  number={13},
  pages={133701},
  year={2021},
  publisher={AIP Publishing LLC}
}

@article{xu2021kinetically,
  title={Kinetically stabilized ferroelectricity in bulk single-crystalline {H}f{O}$_2$:Y},
  author={Xu, Xianghan and Huang, Fei-Ting and Qi, Yubo and Singh, Sobhit and Rabe, Karin M and Obeysekera, Dimuthu and Yang, Junjie and Chu, Ming-Wen and Cheong, Sang-Wook},
  journal={Nature Materials},
  volume={20},
  number={6},
  pages={826--832},
  year={2021},
  publisher={Nature Publishing Group}
}

@article{qi2021polarization,
  title={Polarization switching mechanism in {H}f{O}$_2$ from first-principles lattice mode analysis},
  author={Qi, Yubo and Singh, Sobhit and Rabe, Karin M},
  journal={arXiv preprint arXiv:2108.12538},
  year={2021}
}

@article{choe2021unexpectedly,
  title={Unexpectedly low barrier of ferroelectric switching in {H}f{O}$_2$ via topological domain walls},
  author={Choe, Duk-Hyun and Kim, Sunghyun and Moon, Taehwan and Jo, Sanghyun and Bae, Hagyoul and Nam, Seung-Geol and Lee, Yun Seong and Heo, Jinseong},
  journal={Materials Today},
  year={2021},
  publisher={Elsevier}
}

@article{si2019ultrafast,
  title={Ultrafast measurements of polarization switching dynamics on ferroelectric and anti-ferroelectric hafnium zirconium oxide},
  author={Si, Mengwei and Lyu, Xiao and Shrestha, Pragya R and Sun, Xing and Wang, Haiyan and Cheung, Kin P and Ye, Peide D},
  journal={Applied Physics Letters},
  volume={115},
  number={7},
  pages={072107},
  year={2019},
  publisher={AIP Publishing LLC}
}

@inproceedings{lyu2020record,
  title={Record Fast Polarization Switching Observed in Ferroelectric Hafnium Oxide Crossbar Arrays},
  author={Lyu, Xiao and Si, Mengwei and Shrestha, Pragya R and Campbell, Jason P and Cheung, Kin P and Peide, D Ye},
  booktitle={2020 IEEE Silicon Nanoelectronics Workshop (SNW)},
  pages={7--8},
  year={2020},
  organization={IEEE}
}

@article{haggerty2014thermal,
  title={Thermal expansion of {H}f{O}$_2$ and {Z}r{O}$_2$},
  author={Haggerty, Ryan P and Sarin, Pankaj and Apostolov, Zlatomir D and Driemeyer, Patrick E and Kriven, Waltraud M},
  journal={Journal of the American Ceramic Society},
  volume={97},
  number={7},
  pages={2213--2222},
  year={2014},
  publisher={Wiley Online Library}
}

@article{kisi1998influence,
  title={Influence of Hydrostatic Pressure on the t→ o Transformation in {M}g-{PSZ} Studied by In Situ Neutron Diffraction},
  author={Kisi, Erich H},
  journal={Journal of the American Ceramic Society},
  volume={81},
  number={3},
  pages={741--745},
  year={1998},
  publisher={Wiley Online Library}
}

@article{estandia2020domain,
  title={Domain-Matching Epitaxy of Ferroelectric {H}f$_{0.5}${Z}r$_{0.5}$O$_2$ (111) on {L}a$_{2/3}${S}r$_{1/3}${M}n{O}$_3$ (001)},
  author={Estand{\'\i}a, Saul and Dix, Nico and Chisholm, Matthew F and Fina, Ignasi and S{\'a}nchez, Florencio},
  journal={Crystal Growth \& Design},
  volume={20},
  number={6},
  pages={3801--3806},
  year={2020},
  publisher={ACS Publications}
}

@article{delodovici2021trilinear,
  title={Trilinear-coupling-driven ferroelectricity in {H}f{O}$_2$},
  author={Delodovici, Francesco and Barone, Paolo and Picozzi, Silvia},
  journal={Physical Review Materials},
  volume={5},
  number={6},
  pages={064405},
  year={2021},
  publisher={APS}
}

@article{muller2012ferroelectricity,
  title={Ferroelectricity in simple binary {Z}r{O}$_2$ and {H}f{O}$_2$},
  author={Muller, Johannes and Boscke, Tim S and Schroder, Uwe and Mueller, Stefan and Brauhaus, Dennis and Bottger, Ulrich and Frey, Lothar and Mikolajick, Thomas},
  journal={Nano Letters},
  volume={12},
  number={8},
  pages={4318--4323},
  year={2012},
  publisher={ACS Publications}
}

@article{olsen2012co,
  title={Co-sputtering yttrium into hafnium oxide thin films to produce ferroelectric properties},
  author={Olsen, T and Schr{\"o}der, U and M{\"u}ller, S and Krause, A and Martin, D and Singh, A and M{\"u}ller, J and Geidel, M and Mikolajick, T},
  journal={Applied Physics Letters},
  volume={101},
  number={8},
  pages={082905},
  year={2012},
  publisher={American Institute of Physics}
}

@article{junquera2003critical,
  title={Critical thickness for ferroelectricity in perovskite ultrathin films},
  author={Junquera, Javier and Ghosez, Philippe},
  journal={Nature},
  volume={422},
  number={6931},
  pages={506--509},
  year={2003},
  publisher={Nature Publishing Group}
}

@article{dawber2003depolarization,
  title={Depolarization corrections to the coercive field in thin-film ferroelectrics},
  author={Dawber, M and Chandra, P and Littlewood, PB and Scott, JF},
  journal={Journal of Physics: Condensed Matter},
  volume={15},
  number={24},
  pages={L393},
  year={2003},
  publisher={IOP Publishing}
}

@article{holakovsky1973new,
  title={A new type of the ferroelectric phase transition},
  author={Holakovsk{\`y}, J},
  journal={physica status solidi (b)},
  volume={56},
  number={2},
  pages={615--619},
  year={1973},
  publisher={Wiley Online Library}
}