% scibib.bib

% This is the .bib file used to compile the document "A simple Science
% template" (scifile.tex).  It is not intended as an example of how to
% set up your BibTeX file.



@PREAMBLE{
 "\providecommand{\noopsort}[1]{}" 
 # "\providecommand{\singleletter}[1]{#1}%" 
}

@article{vanderbilt1993electric,
  title={Electric polarization as a bulk quantity and its relation to surface charge},
  author={Vanderbilt, David and King-Smith, RD},
  journal={Physical Review B},
  volume={48},
  number={7},
  pages={4442},
  year={1993},
  publisher={APS}
}

@article{king1993theory,
  title={Theory of polarization of crystalline solids},
  author={King-Smith, RD and Vanderbilt, David},
  journal={Physical Review B},
  volume={47},
  number={3},
  pages={1651},
  year={1993},
  publisher={APS}
}

@article{kresse1996efficiency,
  title={Efficiency of ab-initio total energy calculations for metals and semiconductors using a plane-wave basis set},
  author={Kresse, Georg and Furthm{\"u}ller, J{\"u}rgen},
  journal={Computational Materials Science},
  volume={6},
  number={1},
  pages={15--50},
  year={1996},
  publisher={Elsevier}
}

@article{kresse1996efficient,
  title={Efficient iterative schemes for ab initio total-energy calculations using a plane-wave basis set},
  author={Kresse, Georg and Furthm{\"u}ller, J{\"u}rgen},
  journal={Physical Review B},
  volume={54},
  number={16},
  pages={11169},
  year={1996},
  publisher={APS}
}

@article{blochl1994projector,
  title={Projector augmented-wave method},
  author={Bl{\"o}chl, Peter E},
  journal={Physical Review B},
  volume={50},
  number={24},
  pages={17953},
  year={1994},
  publisher={APS}
}

@article{kresse1999ultrasoft,
  title={From ultrasoft pseudopotentials to the projector augmented-wave method},
  author={Kresse, Georg and Joubert, Daniel},
  journal={Physical Review b},
  volume={59},
  number={3},
  pages={1758},
  year={1999},
  publisher={APS}
}

@article{stokes2005findsym,
  title={FINDSYM: program for identifying the space-group symmetry of a crystal},
  author={Stokes, Harold T and Hatch, Dorian M},
  journal={Journal of Applied Crystallography},
  volume={38},
  number={1},
  pages={237--238},
  year={2005},
  publisher={International Union of Crystallography}
}

@article{momma2011vesta,
  title={VESTA 3 for three-dimensional visualization of crystal, volumetric and morphology data},
  author={Momma, Koichi and Izumi, Fujio},
  journal={Journal of Applied Crystallography},
  volume={44},
  number={6},
  pages={1272--1276},
  year={2011},
  publisher={International Union of Crystallography}
}

@article{yuk2017towards,
  title={Towards an accurate description of perovskite ferroelectrics: exchange and correlation effects},
  author={Yuk, Simuck F and Pitike, Krishna Chaitanya and Nakhmanson, Serge M and Eisenbach, Markus and Li, Ying Wai and Cooper, Valentino R},
  journal={Scientific Reports},
  volume={7},
  number={1},
  pages={1--10},
  year={2017},
  publisher={Nature Publishing Group}
}