%%%%%%%%%%%%%%%%%%%%%%%
% Distance Correlation
@article{liu2016causal,
  title={Causal inference on discrete data via estimating distance correlations},
  author={Liu, Furui and Chan, Laiwan},
  journal={Neural computation},
  volume={28},
  number={5},
  pages={801--814},
  year={2016},
  publisher={MIT Press}
}

@inproceedings{du2023generalized,
  title={Generalized Invariant Matching Property Via Lasso},
  author={Du, Kang and Xiang, Yu},
  booktitle={ICASSP 2023-2023 IEEE International Conference on Acoustics, Speech and Signal Processing (ICASSP)},
  year={2023},
  organization={IEEE}
}


@article{du2023identifying,
  title={Identifying Direct Causes using Intervened Target Variable},
  author={Du, Kang and Xiang, Yu and Soloveychik, Ilya},
  journal={arXiv preprint arXiv:2307.07736},
  year={2023}
}

@article{szekely2007measuring,
  title={Measuring and testing dependence by correlation of distances},
  author={Sz{\'e}kely, G{\'a}bor J and Rizzo, Maria L and Bakirov, Nail K and others},
  journal={The annals of statistics},
  volume={35},
  number={6},
  pages={2769--2794},
  year={2007},
  publisher={Institute of Mathematical Statistics}
}
%%%%%%%%%%%%%%%%%%%%%%%%
% ICM Principle 
@article{lemeire2013replacing,
  title={Replacing causal faithfulness with algorithmic independence of conditionals},
  author={Lemeire, Jan and Janzing, Dominik},
  journal={Minds and Machines},
  volume={23},
  number={2},
  pages={227--249},
  year={2013},
  publisher={Springer}
}
@article{janzing2010causal,
  title={Causal inference using the algorithmic Markov condition},
  author={Janzing, Dominik and Sch{\"o}lkopf, Bernhard},
  journal={IEEE Transactions on Information Theory},
  volume={56},
  number={10},
  pages={5168--5194},
  year={2010},
  publisher={IEEE}
}
@inproceedings{sgouritsa2015inference,
  title={Inference of cause and effect with unsupervised inverse regression},
  author={Sgouritsa, Eleni and Janzing, Dominik and Hennig, Philipp and Sch{\"o}lkopf, Bernhard},
  booktitle={Artificial intelligence and statistics},
  pages={847--855},
  year={2015}
}
@article{goddard2023error,
  title={Error Probability Bounds for Invariant Causal Prediction via Multiple Access Channels},
  author={Goddard, Austin and Xiang, Yu and Soloveychik, Ilya},
  journal={Asilomar Conference on Signals, Systems, and Computers},
  year={2023}
}

@inproceedings{shajarisales2015telling,
  title={Telling cause from effect in deterministic linear dynamical systems},
  author={Shajarisales, Naji and Janzing, Dominik and Sch{\"o}lkopf, Bernhard and Besserve, Michel},
  booktitle={International Conference on Machine Learning},
  pages={285--294},
  year={2015}
}
@article{daniusis2012inferring,
  title={Inferring deterministic causal relations},
  author={Daniusis, Povilas and Janzing, Dominik and Mooij, Joris and Zscheischler, Jakob and Steudel, Bastian and Zhang, Kun and Sch{\"o}lkopf, Bernhard},
  journal={arXiv preprint arXiv:1203.3475},
  year={2012}
}

%%%%%%%%%%%%%%%%%%%%%%%%%%%%%%%%
% Causal Inference of Time series
@inproceedings{peters2013causal,
  title={Causal inference on time series using restricted structural equation models},
  author={Peters, Jonas and Janzing, Dominik and Sch{\"o}lkopf, Bernhard},
  booktitle={Advances in Neural Information Processing Systems},
  pages={154--162},
  year={2013}
}

%%%%%%%%%%%%%%%%%%%%%%%%%%%%%%%%%%%
% Discrete methods

% ANMS

@article{peters2011causal,
  title={Causal inference on discrete data using additive noise models},
  author={Peters, Jonas and Janzing, Dominik and Scholkopf, Bernhard},
  journal={IEEE Transactions on Pattern Analysis and Machine Intelligence},
  volume={33},
  number={12},
  pages={2436--2450},
  year={2011},
  publisher={IEEE}
}

%%%%%%%%%%%%%%%%%%%%%%%%%%%%%%%%%%%
% ICPs

@article{heinze2018invariant,
  title={Invariant causal prediction for nonlinear models},
  author={Heinze-Deml, Christina and Peters, Jonas and Meinshausen, Nicolai},
  journal={Journal of Causal Inference},
  volume={6},
  number={2},
  year={2018},
  publisher={De Gruyter}
}

@article{peters2016causal,
  title={Causal inference by using invariant prediction: identification and confidence intervals},
  author={Peters, Jonas and B{\"u}hlmann, Peter and Meinshausen, Nicolai},
  journal={Journal of the Royal Statistical Society. Series B (Statistical Methodology)},
  pages={947--1012},
  year={2016},
  publisher={JSTOR}
}

@article{shimizu2006linear,
  title={A linear non-{G}aussian acyclic model for causal discovery.},
  author={Shimizu, Shohei and Hoyer, Patrik O and Hyv{\"a}rinen, Aapo and Kerminen, Antti},
  journal={Journal of Machine Learning Research},
  volume={7},
  number={10},
  year={2006}
}

% Lasso
@article{tibshirani1996regression,
  title={Regression shrinkage and selection via the lasso},
  author={Tibshirani, Robert},
  journal={Journal of the Royal Statistical Society: Series B (Methodological)},
  volume={58},
  number={1},
  pages={267--288},
  year={1996},
  publisher={Wiley Online Library}
}

% Boosting
@article{bartlett1998boosting,
  title={Boosting the margin: A new explanation for the effectiveness of voting methods},
  author={Bartlett, Peter and Freund, Yoav and Lee, Wee Sun and Schapire, Robert E},
  journal={The annals of statistics},
  volume={26},
  number={5},
  pages={1651--1686},
  year={1998},
  publisher={Institute of Mathematical Statistics}
}


% CPT
@article{berrett2020conditional,
  title={The conditional permutation test for independence while controlling for confounders},
  author={Berrett, Thomas B and Wang, Yi and Barber, Rina Foygel and Samworth, Richard J},
  journal={Journal of the Royal Statistical Society: Series B (Statistical Methodology)},
  volume={82},
  number={1},
  pages={175--197},
  year={2020},
  publisher={Wiley Online Library}
}

% CRT
@article{candes2018panning,
  title={Panning for gold:‘{M}odel-{X}’knockoffs for high dimensional controlled variable selection},
  author={Cand\`es, Emmanuel and Fan, Yingying and Janson, Lucas and Lv, Jinchi},
  journal={Journal of the Royal Statistical Society: Series B (Statistical Methodology)},
  volume={80},
  number={3},
  pages={551--577},
  year={2018},
  publisher={Wiley Online Library}
}

% SMOTE
@article{chawla2002smote,
  title={SMOTE: synthetic minority over-sampling technique},
  author={Chawla, Nitesh V and Bowyer, Kevin W and Hall, Lawrence O and Kegelmeyer, W Philip},
  journal={Journal of artificial intelligence research},
  volume={16},
  pages={321--357},
  year={2002}
}

@article{shah2020hardness,
  title={The hardness of conditional independence testing and the generalised covariance measure},
  author={Shah, Rajen D and Peters, Jonas},
  journal={The Annals of Statistics},
  volume={48},
  number={3},
  pages={1514--1538},
  year={2020},
  publisher={Institute of Mathematical Statistics}
}




%%% Autonomy and modularity 

@article{haavelmo1944probability,
  title={The probability approach in econometrics},
  author={Haavelmo, Trygve},
  journal={Econometrica: Journal of the Econometric Society},
  volume={12},
  pages={1--115},
  year={1944},
  publisher={JSTOR}
}

@article{aldrich1989autonomy,
  title={Autonomy},
  author={Aldrich, John},
  journal={Oxford Economic Papers},
  volume={41},
  number={1},
  pages={15--34},
  year={1989},
  publisher={JSTOR}
}

@article{hoover1990logic,
  title={The logic of causal inference: Econometrics and the conditional analysis of causation},
  author={Hoover, Kevin D},
  journal={Economics \& Philosophy},
  volume={6},
  number={2},
  pages={207--234},
  year={1990},
  publisher={Cambridge University Press}
}

@book{pearl2009causality,
  title={Causality},
  author={Pearl, Judea},
  year={2009},
  publisher={Cambridge university press}
}
@article{scholkopf2012causal,
  title={On causal and anticausal learning},
  author={Sch{\"o}lkopf, Bernhard and Janzing, Dominik and Peters, Jonas and Sgouritsa, Eleni and Zhang, Kun and Mooij, Joris},
  journal={arXiv preprint arXiv:1206.6471},
  year={2012}
}

%%% stability 
@article{dawid2010identifying,
  title={Identifying the consequences of dynamic treatment strategies: A decision-theoretic overview},
  author={Dawid, A Philip and Didelez, Vanessa},
  journal={Statistics Surveys},
  volume={4},
  pages={184--231},
  year={2010},
  publisher={Amer. Statist. Assoc., the Bernoulli Soc., the Inst. Math. Statist., and the~…}
}





%%% Communications stuff

@article{shannon1959probability,
  title={Probability of error for optimal codes in a Gaussian channel},
  author={Shannon, Claude E},
  journal={Bell System Technical Journal},
  volume={38},
  number={3},
  pages={611--656},
  year={1959},
  publisher={Wiley Online Library}
}

@article{jin2011limits,
  title={Limits on support recovery of sparse signals via multiple-access communication techniques},
  author={Jin, Yuzhe and Kim, Young-Han and Rao, Bhaskar D},
  journal={IEEE Transactions on Information Theory},
  volume={57},
  number={12},
  pages={7877--7892},
  year={2011},
  publisher={IEEE}
}

@misc{https://doi.org/10.48550/arxiv.1003.0888,
  doi = {10.48550/ARXIV.1003.0888},
  
  url = {https://arxiv.org/abs/1003.0888},
  
  author = {Jin, Yuzhe and Kim, Young-Han and Rao, Bhaskar D.},
  
  keywords = {Information Theory (cs.IT), FOS: Computer and information sciences, FOS: Computer and information sciences},
  
  title = {Support Recovery of Sparse Signals},
  
  publisher = {arXiv},
  
  year = {2010},
  
  copyright = {arXiv.org perpetual, non-exclusive license}
}




%%% Psychology 
% ISI
@article{morin2011insomnia,
  title={The Insomnia Severity Index: psychometric indicators to detect insomnia cases and evaluate treatment response},
  author={Morin, Charles M and Belleville, Genevi{\`e}ve and B{\'e}langer, Lynda and Ivers, Hans},
  journal={Sleep},
  volume={34},
  number={5},
  pages={601--608},
  year={2011},
  publisher={Oxford University Press}
}

% SCS
@article{bryan2014improving,
  title={Improving the detection and prediction of suicidal behavior among military personnel by measuring suicidal beliefs: An evaluation of the Suicide Cognitions Scale},
  author={Bryan, Craig J and Rudd, M David and Wertenberger, Evelyn and Etienne, Neysa and Ray-Sannerud, Bobbie N and Morrow, Chad E and Peterson, Alan L and Young-McCaughon, Stacey},
  journal={Journal of affective disorders},
  volume={159},
  pages={15--22},
  year={2014},
  publisher={Elsevier}
}


% Study Description
@article{bryan2019primary,
  title={The PRImary care Screening Methods (PRISM) study: Rationale and design considerations},
  author={Bryan, Craig J and Allen, Michael H and Thomsen, Cynthia J and May, Alexis M and Baker, Justin C and Harris, Julia A and Bryan, AnnaBelle O and Russell, William A},
  journal={Contemporary clinical trials},
  volume={84},
  pages={105823},
  year={2019},
  publisher={Elsevier}
}


% SEM 

@article{hox1998introduction,
  title={An introduction to structural equation modeling},
  author={Hox, Joop J and Bechger, Timo M},
  year={1998},
  publisher={Structural Equation Modeling}
}


@inproceedings{goddard2022lower,
  title={Lower Bounds on the Error Probability for Invariant Causal Prediction},
  author={Goddard, Austin and Xiang, Yu and Soloveychik, Ilya},
  booktitle={2022 IEEE 32nd International Workshop on Machine Learning for Signal Processing (MLSP)},
  pages={1--6},
  year={2022},
  organization={IEEE}
}

@book{cover1999elements,
  title={Elements of information theory},
  author={Cover, Thomas M},
  year={1999},
  publisher={John Wiley \& Sons}
}

@article{scarlett2016limits,
  title={Limits on support recovery with probabilistic models: An information-theoretic framework},
  author={Scarlett, Jonathan and Cevher, Volkan},
  journal={IEEE Transactions on Information Theory},
  volume={63},
  number={1},
  pages={593--620},
  year={2016},
  publisher={IEEE}
}


@article{goddard2022invariance,
  title={Invariance-based causal prediction to identify the direct causes of suicidal behavior},
  author={Goddard, Austin V and Xiang, Yu and Bryan, Craig J},
  journal={Frontiers in psychiatry},
  pages={2598},
  year={2022},
  publisher={Frontiers}
}

@article{xiang2013gaussian,
  title={Gaussian channel with noisy feedback and peak energy constraint},
  author={Xiang, Yu and Kim, Young-Han},
  journal={IEEE transactions on information theory},
  volume={59},
  number={8},
  pages={4746--4756},
  year={2013},
  publisher={IEEE}
}

@article{meinshausen2016methods,
  title={Methods for causal inference from gene perturbation experiments and validation},
  author={Meinshausen, Nicolai and Hauser, Alain and Mooij, Joris M and Peters, Jonas and Versteeg, Philip and B{\"u}hlmann, Peter},
  journal={Proceedings of the National Academy of Sciences},
  volume={113},
  number={27},
  pages={7361--7368},
  year={2016},
  publisher={National Acad Sciences}
}

@article{pfister2019invariant,
  title={Invariant causal prediction for sequential data},
  author={Pfister, Niklas and B{\"u}hlmann, Peter and Peters, Jonas},
  journal={Journal of the American Statistical Association},
  volume={114},
  number={527},
  pages={1264--1276},
  year={2019},
  publisher={Taylor \& Francis}
}

@article{gamella2020active,
  title={Active invariant causal prediction: Experiment selection through stability},
  author={Gamella, Juan L and Heinze-Deml, Christina},
  journal={Advances in Neural Information Processing Systems},
  volume={33},
  pages={15464--15475},
  year={2020}
}
@article{du2023learning,
  title={Learning invariant representations under general interventions on the response},
  author={Du, Kang and Xiang, Yu},
  journal={IEEE Journal on Selected Areas in Information Theory},
  year={2023},
  publisher={IEEE}
}

@article{du2024low,
  title={Low-Rank Approximation of Structural Redundancy for Self-Supervised Learning},
  author={Du, Kang and Xiang, Yu},
  journal={arXiv preprint arXiv:2402.06884},
  year={2024}
}

@article{pfister2021stabilizing,
  title={Stabilizing variable selection and regression},
  author={Pfister, Niklas and Williams, Evan G and Peters, Jonas and Aebersold, Ruedi and B{\"u}hlmann, Peter},
  journal={The Annals of Applied Statistics},
  volume={15},
  number={3},
  pages={1220--1246},
  year={2021},
  publisher={Institute of Mathematical Statistics}
}

@article{rojas2018invariant,
  title={Invariant models for causal transfer learning},
  author={Rojas-Carulla, Mateo and Sch{\"o}lkopf, Bernhard and Turner, Richard and Peters, Jonas},
  journal={The Journal of Machine Learning Research},
  volume={19},
  number={1},
  pages={1309--1342},
  year={2018},
  publisher={JMLR. org}
}

@article{rothenhausler2021anchor,
  title={Anchor regression: Heterogeneous data meet causality},
  author={Rothenh{\"a}usler, Dominik and Meinshausen, Nicolai and B{\"u}hlmann, Peter and Peters, Jonas},
  journal={Journal of the Royal Statistical Society Series B: Statistical Methodology},
  volume={83},
  number={2},
  pages={215--246},
  year={2021},
  publisher={Oxford University Press}
}

@misc{misc_adult_2,
  author       = {Becker,Barry and Kohavi,Ronny},
  title        = {{Adult}},
  year         = {1996},
  howpublished = {UCI Machine Learning Repository},
  note         = {{DOI}: https://doi.org/10.24432/C5XW20}
}

@misc{misc_mushroom_73,
  title        = {{Mushroom}},
  year         = {1987},
  howpublished = {UCI Machine Learning Repository},
  note         = {{DOI}: https://doi.org/10.24432/C5959T}
}

