@article{Hannestad:2003ye,
    author = "Hannestad, Steen and Raffelt, Georg",
    title = "{Cosmological mass limits on neutrinos, axions, and other light particles}",
    eprint = "hep-ph/0312154",
    archivePrefix = "arXiv",
    doi = "10.1088/1475-7516/2004/04/008",
    journal = "JCAP",
    volume = "04",
    pages = "008",
    year = "2004"
}


%%%%% DESI 2024 papers %%%%%


@article{DESI:2024uvr,
    author = "Adame, A. G. and others",
    collaboration = "DESI",
    title = "{DESI 2024 III: Baryon Acoustic Oscillations from Galaxies and Quasars}",
    eprint = "2404.03000",
    archivePrefix = "arXiv",
    primaryClass = "astro-ph.CO",
    month = "4",
    year = "2024"
}



@article{DEramo:2018vss,
    author = "D'Eramo, Francesco and Ferreira, Ricardo Z. and Notari, Alessio and Bernal, Jos\'e Luis",
    title = "{Hot Axions and the $H_0$ tension}",
    eprint = "1808.07430",
    archivePrefix = "arXiv",
    primaryClass = "hep-ph",
    doi = "10.1088/1475-7516/2018/11/014",
    journal = "JCAP",
    volume = "11",
    pages = "014",
    year = "2018"
}

@article{Ferreira:2018vjj,
    author = "Ferreira, Ricardo Z. and Notari, Alessio",
    title = "{Observable Windows for the QCD Axion Through the Number of Relativistic Species}",
    eprint = "1801.06090",
    archivePrefix = "arXiv",
    primaryClass = "hep-ph",
    doi = "10.1103/PhysRevLett.120.191301",
    journal = "Phys. Rev. Lett.",
    volume = "120",
    number = "19",
    pages = "191301",
    year = "2018"
}






@article{Lewis:2019xzd,
 author         = "Lewis, Antony",
 title          = "{GetDist: a Python package for analysing Monte Carlo
                   samples}",
 year           = "2019",
 eprint         = "1910.13970",
 archivePrefix  = "arXiv",
 primaryClass   = "astro-ph.IM",
 SLACcitation   = "%%CITATION = ARXIV:1910.13970;%%",
 url            = "https://getdist.readthedocs.io"
}

%%%measurements of H0

@article{Riess:2021jrx,
    author = "Riess, Adam G. and others",
    title = "{A Comprehensive Measurement of the Local Value of the Hubble Constant with 1 km s$^{-1}$ Mpc$^{-1}$ Uncertainty from the Hubble Space Telescope and the SH0ES Team}",
    eprint = "2112.04510",
    archivePrefix = "arXiv",
    primaryClass = "astro-ph.CO",
    doi = "10.3847/2041-8213/ac5c5b",
    journal = "Astrophys. J. Lett.",
    volume = "934",
    number = "1",
    pages = "L7",
    year = "2022"
}

@article{Wong:2019kwg,
    author = "Wong, Kenneth C. and others",
    title = "{H0LiCOW \textendash{} XIII. A 2.4 per cent measurement of H0 from lensed quasars: 5.3\ensuremath{\sigma} tension between early- and late-Universe probes}",
    eprint = "1907.04869",
    archivePrefix = "arXiv",
    primaryClass = "astro-ph.CO",
    doi = "10.1093/mnras/stz3094",
    journal = "Mon. Not. Roy. Astron. Soc.",
    volume = "498",
    number = "1",
    pages = "1420--1439",
    year = "2020"
}

@article{Scolnic:2023mrv,
    author = "Scolnic, D. and Riess, A. G. and Wu, J. and Li, S. and Anand, G. S. and Beaton, R. and Casertano, S. and Anderson, R. I. and Dhawan, S. and Ke, X.",
    title = "{CATS: The Hubble Constant from Standardized TRGB and Type Ia Supernova Measurements}",
    eprint = "2304.06693",
    archivePrefix = "arXiv",
    primaryClass = "astro-ph.CO",
    doi = "10.3847/2041-8213/ace978",
    journal = "Astrophys. J. Lett.",
    volume = "954",
    number = "1",
    pages = "L31",
    year = "2023"
}

@article{Blum:2020mgu,
    author = "Blum, Kfir and Castorina, Emanuele and Simonovi\'c, Marko",
    title = "{Could Quasar Lensing Time Delays Hint to a Core Component in Halos, Instead of $H_0$ Tension?}",
    eprint = "2001.07182",
    archivePrefix = "arXiv",
    primaryClass = "astro-ph.CO",
    doi = "10.3847/2041-8213/ab8012",
    journal = "Astrophys. J. Lett.",
    volume = "892",
    number = "2",
    pages = "L27",
    year = "2020"
}

@article{Nakagawa:2022knn,
    author = "Nakagawa, Shota and Takahashi, Fuminobu and Yin, Wen",
    title = "{Early dark energy by a dark Higgs field and axion-induced nonthermal trapping}",
    eprint = "2209.01107",
    archivePrefix = "arXiv",
    primaryClass = "astro-ph.CO",
    reportNumber = "TU-1167",
    doi = "10.1103/PhysRevD.107.063016",
    journal = "Phys. Rev. D",
    volume = "107",
    number = "6",
    pages = "063016",
    year = "2023"
}

@article{Freedman:2021ahq,
    author = "Freedman, Wendy L.",
    title = "{Measurements of the Hubble Constant: Tensions in Perspective}",
    eprint = "2106.15656",
    archivePrefix = "arXiv",
    primaryClass = "astro-ph.CO",
    doi = "10.3847/1538-4357/ac0e95",
    journal = "Astrophys. J.",
    volume = "919",
    number = "1",
    pages = "16",
    year = "2021"
}

@article{Marcucci:2015yla,
    author = "Marcucci, L. E. and Mangano, G. and Kievsky, A. and Viviani, M.",
    title = "{Implication of the proton-deuteron radiative capture for Big Bang Nucleosynthesis}",
    eprint = "1510.07877",
    archivePrefix = "arXiv",
    primaryClass = "nucl-th",
    doi = "10.1103/PhysRevLett.116.102501",
    journal = "Phys. Rev. Lett.",
    volume = "116",
    number = "10",
    pages = "102501",
    year = "2016",
    note = "[Erratum: Phys.Rev.Lett. 117, 049901 (2016)]"
}

@article{Cooke:2017cwo,
    author = "Cooke, Ryan J. and Pettini, Max and Steidel, Charles C.",
    title = "{One Percent Determination of the Primordial Deuterium Abundance}",
    eprint = "1710.11129",
    archivePrefix = "arXiv",
    primaryClass = "astro-ph.CO",
    doi = "10.3847/1538-4357/aaab53",
    journal = "Astrophys. J.",
    volume = "855",
    number = "2",
    pages = "102",
    year = "2018"
}

@article{Aver:2015iza,
    author = "Aver, Erik and Olive, Keith A. and Skillman, Evan D.",
    title = "{The effects of He I \ensuremath{\lambda}10830 on helium abundance determinations}",
    eprint = "1503.08146",
    archivePrefix = "arXiv",
    primaryClass = "astro-ph.CO",
    doi = "10.1088/1475-7516/2015/07/011",
    journal = "JCAP",
    volume = "07",
    pages = "011",
    year = "2015"
}

@article{Scolnic:2021amr,
    author = "Scolnic, Dan and others",
    title = "{The Pantheon+ Analysis: The Full Data Set and Light-curve Release}",
    eprint = "2112.03863",
    archivePrefix = "arXiv",
    primaryClass = "astro-ph.CO",
    doi = "10.3847/1538-4357/ac8b7a",
    journal = "Astrophys. J.",
    volume = "938",
    number = "2",
    pages = "113",
    year = "2022"
}



@article{DESI:2024lzq,
    author = "Adame, A. G. and others",
    collaboration = "DESI",
    title = "{DESI 2024 IV: Baryon Acoustic Oscillations from the Lyman Alpha Forest}",
    eprint = "2404.03001",
    archivePrefix = "arXiv",
    primaryClass = "astro-ph.CO",
    month = "4",
    year = "2024"
}

@article{Schoneberg:2021qvd,
    author = {Sch\"oneberg, Nils and Franco Abell\'an, Guillermo and P\'erez S\'anchez, Andrea and Witte, Samuel J. and Poulin, Vivian and Lesgourgues, Julien},
    title = "{The H0 Olympics: A fair ranking of proposed models}",
    eprint = "2107.10291",
    archivePrefix = "arXiv",
    primaryClass = "astro-ph.CO",
    doi = "10.1016/j.physrep.2022.07.001",
    journal = "Phys. Rept.",
    volume = "984",
    pages = "1--55",
    year = "2022"
}

@article{DESI:2024mwx,
    author = "Adame, A. G. and others",
    collaboration = "DESI",
    title = "{DESI 2024 VI: Cosmological Constraints from the Measurements of Baryon Acoustic Oscillations}",
    eprint = "2404.03002",
    archivePrefix = "arXiv",
    primaryClass = "astro-ph.CO",
    month = "4",
    year = "2024"
}




@article{Baumann:2015rya,
    author = "Baumann, Daniel and Green, Daniel and Meyers, Joel and Wallisch, Benjamin",
    title = "{Phases of New Physics in the CMB}",
    eprint = "1508.06342",
    archivePrefix = "arXiv",
    primaryClass = "astro-ph.CO",
    doi = "10.1088/1475-7516/2016/01/007",
    journal = "JCAP",
    volume = "01",
    pages = "007",
    year = "2016"
}



@article{Hannestad:2010yi,
    author = "Hannestad, Steen and Mirizzi, Alessandro and Raffelt, Georg G. and Wong, Yvonne Y. Y.",
    title = "{Neutrino and axion hot dark matter bounds after WMAP-7}",
    eprint = "1004.0695",
    archivePrefix = "arXiv",
    primaryClass = "astro-ph.CO",
    reportNumber = "MPP-2010-36, TTK-10-28",
    doi = "10.1088/1475-7516/2010/08/001",
    journal = "JCAP",
    volume = "08",
    pages = "001",
    year = "2010"
}


@article{Salvio:2013iaa,
    author = "Salvio, Alberto and Strumia, Alessandro and Xue, Wei",
    title = "{Thermal axion production}",
    eprint = "1310.6982",
    archivePrefix = "arXiv",
    primaryClass = "hep-ph",
    reportNumber = "FTUAM-13-29, IFT-UAM-CSIC-13-113",
    doi = "10.1088/1475-7516/2014/01/011",
    journal = "JCAP",
    volume = "01",
    pages = "011",
    year = "2014"
}

@article{Planck:2018vyg,
    author = "Aghanim, N. and others",
    collaboration = "Planck",
    title = "{Planck 2018 results. VI. Cosmological parameters}",
    eprint = "1807.06209",
    archivePrefix = "arXiv",
    primaryClass = "astro-ph.CO",
    doi = "10.1051/0004-6361/201833910",
    journal = "Astron. Astrophys.",
    volume = "641",
    pages = "A6",
    year = "2020",
    note = "[Erratum: Astron.Astrophys. 652, C4 (2021)]"
}

@article{Planck:2019nip,
    author = "Aghanim, N. and others",
    collaboration = "Planck",
    title = "{Planck 2018 results. V. CMB power spectra and likelihoods}",
    eprint = "1907.12875",
    archivePrefix = "arXiv",
    primaryClass = "astro-ph.CO",
    doi = "10.1051/0004-6361/201936386",
    journal = "Astron. Astrophys.",
    volume = "641",
    pages = "A5",
    year = "2020"
}

@article{Oldengott:2019lke,
    author = "Oldengott, Isabel M. and Barenboim, Gabriela and Kahlen, Sarah and Salvado, Jordi and Schwarz, Dominik J.",
    title = "{How to relax the cosmological neutrino mass bound}",
    eprint = "1901.04352",
    archivePrefix = "arXiv",
    primaryClass = "astro-ph.CO",
    reportNumber = "IFIC/19-05",
    doi = "10.1088/1475-7516/2019/04/049",
    journal = "JCAP",
    volume = "04",
    pages = "049",
    year = "2019"
}

@article{Lesgourgues:2011re,
    author = "Lesgourgues, Julien",
    title = "{The Cosmic Linear Anisotropy Solving System (CLASS) I: Overview}",
    eprint = "1104.2932",
    archivePrefix = "arXiv",
    primaryClass = "astro-ph.IM",
    month = "4",
    year = "2011"
}

@article{Audren:2012wb,
    author = "Audren, Benjamin and Lesgourgues, Julien and Benabed, Karim and Prunet, Simon",
    title = "{Conservative Constraints on Early Cosmology: an illustration of the Monte Python cosmological parameter inference code}",
    eprint = "1210.7183",
    archivePrefix = "arXiv",
    primaryClass = "astro-ph.CO",
    reportNumber = "CERN-PH-TH-2012-290, LAPTH-048-12",
    doi = "10.1088/1475-7516/2013/02/001",
    journal = "JCAP",
    volume = "02",
    pages = "001",
    year = "2013"
}

@article{IAXO:2019mpb,
    author = "Armengaud, E. and others",
    collaboration = "IAXO",
    title = "{Physics potential of the International Axion Observatory (IAXO)}",
    eprint = "1904.09155",
    archivePrefix = "arXiv",
    primaryClass = "hep-ph",
    doi = "10.1088/1475-7516/2019/06/047",
    journal = "JCAP",
    volume = "06",
    pages = "047",
    year = "2019"
}

@article{Carenza:2019pxu,
    author = "Carenza, Pierluca and Fischer, Tobias and Giannotti, Maurizio and Guo, Gang and Mart\'\i{}nez-Pinedo, Gabriel and Mirizzi, Alessandro",
    title = "{Improved axion emissivity from a supernova via nucleon-nucleon bremsstrahlung}",
    eprint = "1906.11844",
    archivePrefix = "arXiv",
    primaryClass = "hep-ph",
    doi = "10.1088/1475-7516/2019/10/016",
    journal = "JCAP",
    volume = "10",
    number = "10",
    pages = "016",
    year = "2019",
    note = "[Erratum: JCAP 05, E01 (2020)]"
}






@article{Preskill:1982cy,
    author = "Preskill, John and Wise, Mark B. and Wilczek, Frank",
    editor = "Srednicki, M. A.",
    title = "{Cosmology of the Invisible Axion}",
    reportNumber = "HUTP-82-A048, NSF-ITP-82-103",
    doi = "10.1016/0370-2693(83)90637-8",
    journal = "Phys. Lett. B",
    volume = "120",
    pages = "127--132",
    year = "1983"
}

@article{Dine:1982ah,
    author = "Dine, Michael and Fischler, Willy",
    editor = "Srednicki, M. A.",
    title = "{The Not So Harmless Axion}",
    reportNumber = "UPR-0201T",
    doi = "10.1016/0370-2693(83)90639-1",
    journal = "Phys. Lett. B",
    volume = "120",
    pages = "137--141",
    year = "1983"
}

@book{Kolb:1990vq,
    author = "Kolb, Edward W. and Turner, Michael S.",
    title = "{The Early Universe}",
    reportNumber = "FERMILAB-BOOK-1990-01",
    doi = "10.1201/9780429492860",
    isbn = "978-0-201-62674-2",
    volume = "69",
    year = "1990"
}

@article{Ichikawa:2007jv,
    author = "Ichikawa, Kazuhide and Kawasaki, Masahiro and Nakayama, Kazunori and Senami, Masato and Takahashi, Fuminobu",
    title = "{Increasing effective number of neutrinos by decaying particles}",
    eprint = "hep-ph/0703034",
    archivePrefix = "arXiv",
    reportNumber = "DESY-07-020",
    doi = "10.1088/1475-7516/2007/05/008",
    journal = "JCAP",
    volume = "05",
    pages = "008",
    year = "2007"
}

@article{Hooper:2011aj,
    author = "Hooper, Dan and Queiroz, Farinaldo S. and Gnedin, Nickolay Y.",
    title = "{Non-Thermal Dark Matter Mimicking An Additional Neutrino Species In The Early Universe}",
    eprint = "1111.6599",
    archivePrefix = "arXiv",
    primaryClass = "astro-ph.CO",
    reportNumber = "FERMILAB-PUB-11-631-A",
    doi = "10.1103/PhysRevD.85.063513",
    journal = "Phys. Rev. D",
    volume = "85",
    pages = "063513",
    year = "2012"
}

@article{Sobotka:2023bzr,
    author = "Sobotka, Alexander C. and Erickcek, Adrienne L. and Smith, Tristan L.",
    title = "{Comprehensive constraints on dark radiation injection after BBN}",
    eprint = "2312.13235",
    archivePrefix = "arXiv",
    primaryClass = "astro-ph.CO",
    doi = "10.1103/PhysRevD.109.063538",
    journal = "Phys. Rev. D",
    volume = "109",
    number = "6",
    pages = "063538",
    year = "2024"
}

@article{Garny:2024ums,
    author = "Garny, Mathias and Niedermann, Florian and Rubira, Henrique and Sloth, Martin S.",
    title = "{Hot New Early Dark Energy bridging cosmic gaps: Supercooled phase transition reconciles (stepped) dark radiation solutions to the Hubble tension with BBN}",
    eprint = "2404.07256",
    archivePrefix = "arXiv",
    primaryClass = "astro-ph.CO",
    month = "4",
    year = "2024"
}



@article{Hasenkamp:2012ii,
    author = {Hasenkamp, Jasper and Kersten, J\"orn},
    title = "{Dark radiation from particle decay: cosmological constraints and opportunities}",
    eprint = "1212.4160",
    archivePrefix = "arXiv",
    primaryClass = "hep-ph",
    doi = "10.1088/1475-7516/2013/08/024",
    journal = "JCAP",
    volume = "08",
    pages = "024",
    year = "2013"
}

@article{Choi:2012zna,
    author = "Choi, Kiwoon and Choi, Ki-Young and Shin, Chang Sub",
    title = "{Dark radiation and small-scale structure problems with decaying particles}",
    eprint = "1208.2496",
    archivePrefix = "arXiv",
    primaryClass = "hep-ph",
    doi = "10.1103/PhysRevD.86.083529",
    journal = "Phys. Rev. D",
    volume = "86",
    pages = "083529",
    year = "2012"
}

@article{Bjaelde:2012wi,
    author = "Bjaelde, Ole Eggers and Das, Subinoy and Moss, Adam",
    title = "{Origin of Delta N\_eff as a Result of an Interaction between Dark Radiation and Dark Matter}",
    eprint = "1205.0553",
    archivePrefix = "arXiv",
    primaryClass = "astro-ph.CO",
    reportNumber = "TTK-12-14",
    doi = "10.1088/1475-7516/2012/10/017",
    journal = "JCAP",
    volume = "10",
    pages = "017",
    year = "2012"
}

@article{Fischler:2010xz,
    author = "Fischler, Willy and Meyers, Joel",
    title = "{Dark Radiation Emerging After Big Bang Nucleosynthesis?}",
    eprint = "1011.3501",
    archivePrefix = "arXiv",
    primaryClass = "astro-ph.CO",
    reportNumber = "UTTG-14-10, TCC-033-10",
    doi = "10.1103/PhysRevD.83.063520",
    journal = "Phys. Rev. D",
    volume = "83",
    pages = "063520",
    year = "2011"
}

@article{Masso:2002np,
    author = "Masso, Eduard and Rota, Francesc and Zsembinszki, Gabriel",
    title = "{On axion thermalization in the early universe}",
    eprint = "hep-ph/0203221",
    archivePrefix = "arXiv",
    reportNumber = "UAB-FT-522",
    doi = "10.1103/PhysRevD.66.023004",
    journal = "Phys. Rev. D",
    volume = "66",
    pages = "023004",
    year = "2002"
}

@article{Chang:1993gm,
    author = "Chang, Sanghyeon and Choi, Kiwoon",
    title = "{Hadronic axion window and the big bang nucleosynthesis}",
    eprint = "hep-ph/9306216",
    archivePrefix = "arXiv",
    reportNumber = "SNUTP-93-11",
    doi = "10.1016/0370-2693(93)90656-3",
    journal = "Phys. Lett. B",
    volume = "316",
    pages = "51--56",
    year = "1993"
}

@article{Berezhiani:1992rk,
    author = "Berezhiani, Z. G. and Sakharov, A. S. and Khlopov, M. Yu.",
    title = "{Primordial background of cosmological axions}",
    journal = "Sov. J. Nucl. Phys.",
    volume = "55",
    pages = "1063--1071",
    year = "1992"
}



@article{Turner:1986tb,
    author = "Turner, Michael S.",
    title = "{Thermal Production of Not SO Invisible Axions in the Early Universe}",
    reportNumber = "FERMILAB-PUB-86-150-A",
    doi = "10.1103/PhysRevLett.59.2489",
    journal = "Phys. Rev. Lett.",
    volume = "59",
    pages = "2489",
    year = "1987",
    note = "[Erratum: Phys.Rev.Lett. 60, 1101 (1988)]"
}



@article{Abbott:1982af,
    author = "Abbott, L. F. and Sikivie, P.",
    editor = "Srednicki, M. A.",
    title = "{A Cosmological Bound on the Invisible Axion}",
    reportNumber = "PRINT-82-0695 (BRANDEIS)",
    doi = "10.1016/0370-2693(83)90638-X",
    journal = "Phys. Lett. B",
    volume = "120",
    pages = "133--136",
    year = "1983"
}

@article{Brust:2017nmv,
    author = "Brust, Christopher and Cui, Yanou and Sigurdson, Kris",
    title = "{Cosmological Constraints on Interacting Light Particles}",
    eprint = "1703.10732",
    archivePrefix = "arXiv",
    primaryClass = "astro-ph.CO",
    doi = "10.1088/1475-7516/2017/08/020",
    journal = "JCAP",
    volume = "08",
    pages = "020",
    year = "2017"
}

@article{Notari:2022ffe,
    author = "Notari, Alessio and Rompineve, Fabrizio and Villadoro, Giovanni",
    title = "{Improved Hot Dark Matter Bound on the QCD Axion}",
    eprint = "2211.03799",
    archivePrefix = "arXiv",
    primaryClass = "hep-ph",
    reportNumber = "CERN-TH-2022-165",
    doi = "10.1103/PhysRevLett.131.011004",
    journal = "Phys. Rev. Lett.",
    volume = "131",
    number = "1",
    pages = "011004",
    year = "2023"
}

@article{Ferreira:2020bpb,
    author = "Ferreira, Ricardo Z. and Notari, Alessio and Rompineve, Fabrizio",
    title = "{Dine-Fischler-Srednicki-Zhitnitsky axion in the CMB}",
    eprint = "2012.06566",
    archivePrefix = "arXiv",
    primaryClass = "hep-ph",
    doi = "10.1103/PhysRevD.103.063524",
    journal = "Phys. Rev. D",
    volume = "103",
    number = "6",
    pages = "063524",
    year = "2021"
}

@article{Baumann:2016wac,
    author = "Baumann, Daniel and Green, Daniel and Wallisch, Benjamin",
    title = "{New Target for Cosmic Axion Searches}",
    eprint = "1604.08614",
    archivePrefix = "arXiv",
    primaryClass = "astro-ph.CO",
    doi = "10.1103/PhysRevLett.117.171301",
    journal = "Phys. Rev. Lett.",
    volume = "117",
    number = "17",
    pages = "171301",
    year = "2016"
}

@article{Ballesteros:2020sik,
    author = "Ballesteros, Guillermo and Notari, Alessio and Rompineve, Fabrizio",
    title = "{The $H_0$ tension: $\Delta G_N$ vs. $\Delta N_{\rm eff}$}",
    eprint = "2004.05049",
    archivePrefix = "arXiv",
    primaryClass = "astro-ph.CO",
    doi = "10.1088/1475-7516/2020/11/024",
    journal = "JCAP",
    volume = "11",
    pages = "024",
    year = "2020"
}

@article{Bashinsky:2003tk,
    author = "Bashinsky, Sergei and Seljak, Uros",
    title = "{Neutrino perturbations in CMB anisotropy and matter clustering}",
    eprint = "astro-ph/0310198",
    archivePrefix = "arXiv",
    doi = "10.1103/PhysRevD.69.083002",
    journal = "Phys. Rev. D",
    volume = "69",
    pages = "083002",
    year = "2004"
}

@article{Hou:2011ec,
    author = "Hou, Zhen and Keisler, Ryan and Knox, Lloyd and Millea, Marius and Reichardt, Christian",
    title = "{How Massless Neutrinos Affect the Cosmic Microwave Background Damping Tail}",
    eprint = "1104.2333",
    archivePrefix = "arXiv",
    primaryClass = "astro-ph.CO",
    doi = "10.1103/PhysRevD.87.083008",
    journal = "Phys. Rev. D",
    volume = "87",
    pages = "083008",
    year = "2013"
}

@article{Chacko:2015noa,
    author = "Chacko, Zackaria and Cui, Yanou and Hong, Sungwoo and Okui, Takemichi",
    title = "{Hidden dark matter sector, dark radiation, and the CMB}",
    eprint = "1505.04192",
    archivePrefix = "arXiv",
    primaryClass = "hep-ph",
    reportNumber = "UMD-PP-014-018",
    doi = "10.1103/PhysRevD.92.055033",
    journal = "Phys. Rev. D",
    volume = "92",
    pages = "055033",
    year = "2015"
}

@article{Gonzalez:2020fdy,
    author = "Gonzalez, Mark and Hertzberg, Mark P. and Rompineve, Fabrizio",
    title = "{Ultralight Scalar Decay and the Hubble Tension}",
    eprint = "2006.13959",
    archivePrefix = "arXiv",
    primaryClass = "astro-ph.CO",
    doi = "10.1088/1475-7516/2020/10/028",
    journal = "JCAP",
    volume = "10",
    pages = "028",
    year = "2020"
}

@article{Allali:2021azp,
    author = "Allali, Itamar J. and Hertzberg, Mark P. and Rompineve, Fabrizio",
    title = "{Dark sector to restore cosmological concordance}",
    eprint = "2104.12798",
    archivePrefix = "arXiv",
    primaryClass = "astro-ph.CO",
    doi = "10.1103/PhysRevD.104.L081303",
    journal = "Phys. Rev. D",
    volume = "104",
    number = "8",
    pages = "L081303",
    year = "2021"
}

@article{Lesgourgues:2015wza,
    author = "Lesgourgues, Julien and Marques-Tavares, Gustavo and Schmaltz, Martin",
    title = "{Evidence for dark matter interactions in cosmological precision data?}",
    eprint = "1507.04351",
    archivePrefix = "arXiv",
    primaryClass = "astro-ph.CO",
    doi = "10.1088/1475-7516/2016/02/037",
    journal = "JCAP",
    volume = "02",
    pages = "037",
    year = "2016"
}

@article{Chacko:2016kgg,
    author = "Chacko, Zackaria and Cui, Yanou and Hong, Sungwoo and Okui, Takemichi and Tsai, Yuhsin",
    title = "{Partially Acoustic Dark Matter, Interacting Dark Radiation, and Large Scale Structure}",
    eprint = "1609.03569",
    archivePrefix = "arXiv",
    primaryClass = "astro-ph.CO",
    doi = "10.1007/JHEP12(2016)108",
    journal = "JHEP",
    volume = "12",
    pages = "108",
    year = "2016"
}

@article{Blinov:2020hmc,
    author = "Blinov, Nikita and Marques-Tavares, Gustavo",
    title = "{Interacting radiation after Planck and its implications for the Hubble Tension}",
    eprint = "2003.08387",
    archivePrefix = "arXiv",
    primaryClass = "astro-ph.CO",
    reportNumber = "FERMILAB-PUB-20-114-A-T",
    doi = "10.1088/1475-7516/2020/09/029",
    journal = "JCAP",
    volume = "09",
    pages = "029",
    year = "2020"
}

@article{Ferreira:2022zzo,
    author = "Ferreira, Ricardo Z. and Notari, Alessio and Pujolas, Oriol and Rompineve, Fabrizio",
    title = "{Gravitational waves from domain walls in Pulsar Timing Array datasets}",
    eprint = "2204.04228",
    archivePrefix = "arXiv",
    primaryClass = "astro-ph.CO",
    reportNumber = "CERN-TH-2022-214",
    doi = "10.1088/1475-7516/2023/02/001",
    journal = "JCAP",
    volume = "02",
    pages = "001",
    year = "2023"
}


@article{Izotov:2014fga,
    author = "Izotov, Y. I. and Thuan, T. X. and Guseva, N. G.",
    title = "{A new determination of the primordial He abundance using the He i $\lambda$10830 \r{A} emission line: cosmological implications}",
    eprint = "1408.6953",
    archivePrefix = "arXiv",
    primaryClass = "astro-ph.CO",
    doi = "10.1093/mnras/stu1771",
    journal = "Mon. Not. Roy. Astron. Soc.",
    volume = "445",
    number = "1",
    pages = "778--793",
    year = "2014"
}

@article{Aver:2020fon,
    author = "Aver, Erik and Berg, Danielle A. and Olive, Keith A. and Pogge, Richard W. and Salzer, John J. and Skillman, Evan D.",
    title = "{Improving helium abundance determinations with Leo P as a case study}",
    eprint = "2010.04180",
    archivePrefix = "arXiv",
    primaryClass = "astro-ph.CO",
    reportNumber = "UMN-TH-4001/20, FTPI-MINN-20/32",
    doi = "10.1088/1475-7516/2021/03/027",
    journal = "JCAP",
    volume = "03",
    pages = "027",
    year = "2021"
}

@article{Brinckmann:2018owf,
    author = "Brinckmann, Thejs and Hooper, Deanna C. and Archidiacono, Maria and Lesgourgues, Julien and Sprenger, Tim",
    title = "{The promising future of a robust cosmological neutrino mass measurement}",
    eprint = "1808.05955",
    archivePrefix = "arXiv",
    primaryClass = "astro-ph.CO",
    reportNumber = "TTK-18-29",
    doi = "10.1088/1475-7516/2019/01/059",
    journal = "JCAP",
    volume = "01",
    pages = "059",
    year = "2019"
}

@article{Bennett:2020zkv,
    author = "Bennett, Jack J. and Buldgen, Gilles and De Salas, Pablo F. and Drewes, Marco and Gariazzo, Stefano and Pastor, Sergio and Wong, Yvonne Y. Y.",
    title = "{Towards a precision calculation of $N_{\rm eff}$ in the Standard Model II: Neutrino decoupling in the presence of flavour oscillations and finite-temperature QED}",
    eprint = "2012.02726",
    archivePrefix = "arXiv",
    primaryClass = "hep-ph",
    reportNumber = "CPPC-2020-10",
    doi = "10.1088/1475-7516/2021/04/073",
    journal = "JCAP",
    volume = "04",
    pages = "073",
    year = "2021"
}

@article{Ma:1995ey,
    author = "Ma, Chung-Pei and Bertschinger, Edmund",
    title = "{Cosmological perturbation theory in the synchronous and conformal Newtonian gauges}",
    eprint = "astro-ph/9506072",
    archivePrefix = "arXiv",
    doi = "10.1086/176550",
    journal = "Astrophys. J.",
    volume = "455",
    pages = "7--25",
    year = "1995"
}

@article{Poulin:2018cxd,
    author = "Poulin, Vivian and Smith, Tristan L. and Karwal, Tanvi and Kamionkowski, Marc",
    title = "{Early Dark Energy Can Resolve The Hubble Tension}",
    eprint = "1811.04083",
    archivePrefix = "arXiv",
    primaryClass = "astro-ph.CO",
    doi = "10.1103/PhysRevLett.122.221301",
    journal = "Phys. Rev. Lett.",
    volume = "122",
    number = "22",
    pages = "221301",
    year = "2019"
}

@article{Niedermann:2019olb,
    author = "Niedermann, Florian and Sloth, Martin S.",
    title = "{New early dark energy}",
    eprint = "1910.10739",
    archivePrefix = "arXiv",
    primaryClass = "astro-ph.CO",
    doi = "10.1103/PhysRevD.103.L041303",
    journal = "Phys. Rev. D",
    volume = "103",
    number = "4",
    pages = "L041303",
    year = "2021"
}


@article{1100705,
  author={Akaike, H.},
  journal={IEEE Transactions on Automatic Control}, 
  title={A new look at the statistical model identification}, 
  year={1974},
  volume={19},
  number={6},
  pages={716-723},
  doi={10.1109/TAC.1974.1100705}}

@article{Buen-Abad:2015ova,
    author = "Buen-Abad, Manuel A. and Marques-Tavares, Gustavo and Schmaltz, Martin",
    title = "{Non-Abelian dark matter and dark radiation}",
    eprint = "1505.03542",
    archivePrefix = "arXiv",
    primaryClass = "hep-ph",
    doi = "10.1103/PhysRevD.92.023531",
    journal = "Phys. Rev. D",
    volume = "92",
    number = "2",
    pages = "023531",
    year = "2015"
}

@article{Kilo-DegreeSurvey:2023gfr,
    author = "Abbott, T. M. C. and others",
    collaboration = "Kilo-Degree Survey, Dark Energy Survey",
    title = "{DES Y3 + KiDS-1000: Consistent cosmology combining cosmic shear surveys}",
    eprint = "2305.17173",
    archivePrefix = "arXiv",
    primaryClass = "astro-ph.CO",
    reportNumber = "FERMILAB-PUB-23-267-PPD, DES-2023-0769",
    doi = "10.21105/astro.2305.17173",
    journal = "Open J. Astrophys.",
    volume = "6",
    pages = "2305.17173",
    year = "2023"
}


@article{Liddle:2007fy,
    author = "Liddle, Andrew R",
    title = "{Information criteria for astrophysical model selection}",
    eprint = "astro-ph/0701113",
    archivePrefix = "arXiv",
    doi = "10.1111/j.1745-3933.2007.00306.x",
    journal = "Mon. Not. Roy. Astron. Soc.",
    volume = "377",
    pages = "L74--L78",
    year = "2007"
}

@article{Aloni:2021eaq,
    author = "Aloni, Daniel and Berlin, Asher and Joseph, Melissa and Schmaltz, Martin and Weiner, Neal",
    title = "{A Step in understanding the Hubble tension}",
    eprint = "2111.00014",
    archivePrefix = "arXiv",
    primaryClass = "astro-ph.CO",
    doi = "10.1103/PhysRevD.105.123516",
    journal = "Phys. Rev. D",
    volume = "105",
    number = "12",
    pages = "123516",
    year = "2022"
}

@article{Cyr-Racine:2021oal,
    author = "Cyr-Racine, Francis-Yan and Ge, Fei and Knox, Lloyd",
    title = "{Symmetry of Cosmological Observables, a Mirror World Dark Sector, and the Hubble Constant}",
    eprint = "2107.13000",
    archivePrefix = "arXiv",
    primaryClass = "astro-ph.CO",
    doi = "10.1103/PhysRevLett.128.201301",
    journal = "Phys. Rev. Lett.",
    volume = "128",
    number = "20",
    pages = "201301",
    year = "2022"
}

@article{Raveri:2021wfz,
    author = "Raveri, Marco and Doux, Cyrille",
    title = "{Non-Gaussian estimates of tensions in cosmological parameters}",
    eprint = "2105.03324",
    archivePrefix = "arXiv",
    primaryClass = "astro-ph.CO",
    doi = "10.1103/PhysRevD.104.043504",
    journal = "Phys. Rev. D",
    volume = "104",
    number = "4",
    pages = "043504",
    year = "2021"
}

@article{Yeh:2022heq,
    author = "Yeh, Tsung-Han and Shelton, Jessie and Olive, Keith A. and Fields, Brian D.",
    title = "{Probing physics beyond the standard model: limits from BBN and the CMB independently and combined}",
    eprint = "2207.13133",
    archivePrefix = "arXiv",
    primaryClass = "astro-ph.CO",
    reportNumber = "UMN-TH-4125/22, FTPI-MINN-22/16",
    doi = "10.1088/1475-7516/2022/10/046",
    journal = "JCAP",
    volume = "10",
    pages = "046",
    year = "2022"
}

@article{Bashinsky:2003tk,
    author = "Bashinsky, Sergei and Seljak, Uros",
    title = "{Neutrino perturbations in CMB anisotropy and matter clustering}",
    eprint = "astro-ph/0310198",
    archivePrefix = "arXiv",
    doi = "10.1103/PhysRevD.69.083002",
    journal = "Phys. Rev. D",
    volume = "69",
    pages = "083002",
    year = "2004"
}

@article{Planck:2019nip,
    author = "Aghanim, N. and others",
    collaboration = "Planck",
    title = "{Planck 2018 results. V. CMB power spectra and likelihoods}",
    eprint = "1907.12875",
    archivePrefix = "arXiv",
    primaryClass = "astro-ph.CO",
    doi = "10.1051/0004-6361/201936386",
    journal = "Astron. Astrophys.",
    volume = "641",
    pages = "A5",
    year = "2020"
}

@article{BOSS:2016wmc,
    author = "Alam, Shadab and others",
    collaboration = "BOSS",
    title = "{The clustering of galaxies in the completed SDSS-III Baryon Oscillation Spectroscopic Survey: cosmological analysis of the DR12 galaxy sample}",
    eprint = "1607.03155",
    archivePrefix = "arXiv",
    primaryClass = "astro-ph.CO",
    doi = "10.1093/mnras/stx721",
    journal = "Mon. Not. Roy. Astron. Soc.",
    volume = "470",
    number = "3",
    pages = "2617--2652",
    year = "2017"
}

@article{MillerBertolami:2014rka,
    author = "Miller Bertolami, Marcelo M. and Melendez, Brenda E. and Althaus, Leandro G. and Isern, Jordi",
    title = "{Revisiting the axion bounds from the Galactic white dwarf luminosity function}",
    eprint = "1406.7712",
    archivePrefix = "arXiv",
    primaryClass = "hep-ph",
    doi = "10.1088/1475-7516/2014/10/069",
    journal = "JCAP",
    volume = "10",
    pages = "069",
    year = "2014"
}

@article{Dine:1981rt,
    author = "Dine, Michael and Fischler, Willy and Srednicki, Mark",
    title = "{A Simple Solution to the Strong CP Problem with a Harmless Axion}",
    reportNumber = "Print-81-0320 (IAS,PRINCETON)",
    doi = "10.1016/0370-2693(81)90590-6",
    journal = "Phys. Lett. B",
    volume = "104",
    pages = "199--202",
    year = "1981"
}


@article{Zhitnitsky:1980tq,
    author = "Zhitnitsky, A. R.",
    title = "{On Possible Suppression of the Axion Hadron Interactions. (In Russian)}",
    journal = "Sov. J. Nucl. Phys.",
    volume = "31",
    pages = "260",
    year = "1980"
}

@article{BOSS:2016ntk,
    author = "Satpathy, Siddharth and others",
    collaboration = "BOSS",
    title = "{The clustering of galaxies in the completed SDSS-III Baryon Oscillation Spectroscopic Survey: On the measurement of growth rate using galaxy correlation functions}",
    eprint = "1607.03148",
    archivePrefix = "arXiv",
    primaryClass = "astro-ph.CO",
    doi = "10.1093/mnras/stx883",
    journal = "Mon. Not. Roy. Astron. Soc.",
    volume = "469",
    number = "2",
    pages = "1369--1382",
    year = "2017"
}



@article{ParticleDataGroup:2022pth,
    author = "Workman, R. L. and others",
    collaboration = "Particle Data Group",
    title = "{Review of Particle Physics}",
    doi = "10.1093/ptep/ptac097",
    journal = "PTEP",
    volume = "2022",
    pages = "083C01",
    year = "2022"
}

@article{LSST:2008ijt,
    author = "Ivezi\'c, \v{Z}eljko and others",
    collaboration = "LSST",
    title = "{LSST: from Science Drivers to Reference Design and Anticipated Data Products}",
    eprint = "0805.2366",
    archivePrefix = "arXiv",
    primaryClass = "astro-ph",
    reportNumber = "SLAC-PUB-16076",
    doi = "10.3847/1538-4357/ab042c",
    journal = "Astrophys. J.",
    volume = "873",
    number = "2",
    pages = "111",
    year = "2019"
}

@article{Amendola:2016saw,
    author = "Amendola, Luca and others",
    title = "{Cosmology and fundamental physics with the Euclid satellite}",
    eprint = "1606.00180",
    archivePrefix = "arXiv",
    primaryClass = "astro-ph.CO",
    doi = "10.1007/s41114-017-0010-3",
    journal = "Living Rev. Rel.",
    volume = "21",
    number = "1",
    pages = "2",
    year = "2018"
}

@article{DESI:2016fyo,
    author = "Aghamousa, Amir and others",
    collaboration = "DESI",
    title = "{The DESI Experiment Part I: Science,Targeting, and Survey Design}",
    eprint = "1611.00036",
    archivePrefix = "arXiv",
    primaryClass = "astro-ph.IM",
    reportNumber = "FERMILAB-PUB-16-517-AE",
    month = "10",
    year = "2016"
}

@article{SPT-3G:2021vps,
    author = "Sobrin, J. A. and others",
    collaboration = "SPT-3G",
    title = "{The Design and Integrated Performance of SPT-3G}",
    eprint = "2106.11202",
    archivePrefix = "arXiv",
    primaryClass = "astro-ph.IM",
    reportNumber = "FERMILAB-PUB-21-291-AE",
    doi = "10.3847/1538-4365/ac374f",
    journal = "Astrophys. J. Supp.",
    volume = "258",
    number = "2",
    pages = "42",
    year = "2022"
}

@article{ACT:2020gnv,
    author = "Aiola, Simone and others",
    collaboration = "ACT",
    title = "{The Atacama Cosmology Telescope: DR4 Maps and Cosmological Parameters}",
    eprint = "2007.07288",
    archivePrefix = "arXiv",
    primaryClass = "astro-ph.CO",
    doi = "10.1088/1475-7516/2020/12/047",
    journal = "JCAP",
    volume = "12",
    pages = "047",
    year = "2020"
}

@misc{Mathematica,
  author = {Wolfram Research{,} Inc.},
  title = {Mathematica, {V}ersion 13.1},
  url = {https://www.wolfram.com/mathematica},
  note = {Champaign, IL, 2022}
}

@article{Davis:1986xc,
    author = "Davis, Richard Lynn",
    title = "{Cosmic Axions from Cosmic Strings}",
    reportNumber = "SLAC-PUB-3895",
    doi = "10.1016/0370-2693(86)90300-X",
    journal = "Phys. Lett. B",
    volume = "180",
    pages = "225--230",
    year = "1986"
}

@article{Harari:1987ht,
    author = "Harari, Diego and Sikivie, P.",
    title = "{On the Evolution of Global Strings in the Early Universe}",
    reportNumber = "UFTP-87-4",
    doi = "10.1016/0370-2693(87)90032-3",
    journal = "Phys. Lett. B",
    volume = "195",
    pages = "361--365",
    year = "1987"
}

@article{Lyth:1991bb,
    author = "Lyth, David H.",
    title = "{Estimates of the cosmological axion density}",
    reportNumber = "LANCS-TH-17-91",
    doi = "10.1016/0370-2693(92)91590-6",
    journal = "Phys. Lett. B",
    volume = "275",
    pages = "279--283",
    year = "1992"
}

@article{Dolan:2022kul,
    author = "Dolan, Matthew J. and Hiskens, Frederick J. and Volkas, Raymond R.",
    title = "{Advancing Globular Cluster Constraints on the Axion-Photon Coupling}",
    eprint = "2207.03102",
    archivePrefix = "arXiv",
    primaryClass = "hep-ph",
    month = "7",
    year = "2022"
}

@article{Ayala:2014pea,
    author = "Ayala, Adrian and Dom\'\i{}nguez, Inma and Giannotti, Maurizio and Mirizzi, Alessandro and Straniero, Oscar",
    title = "{Revisiting the bound on axion-photon coupling from Globular Clusters}",
    eprint = "1406.6053",
    archivePrefix = "arXiv",
    primaryClass = "astro-ph.SR",
    doi = "10.1103/PhysRevLett.113.191302",
    journal = "Phys. Rev. Lett.",
    volume = "113",
    number = "19",
    pages = "191302",
    year = "2014"
}



@article{Buschmann:2021juv,
    author = "Buschmann, Malte and Dessert, Christopher and Foster, Joshua W. and Long, Andrew J. and Safdi, Benjamin R.",
    title = "{Upper Limit on the QCD Axion Mass from Isolated Neutron Star Cooling}",
    eprint = "2111.09892",
    archivePrefix = "arXiv",
    primaryClass = "hep-ph",
    doi = "10.1103/PhysRevLett.128.091102",
    journal = "Phys. Rev. Lett.",
    volume = "128",
    number = "9",
    pages = "091102",
    year = "2022"
}

@article{Carenza:2020cis,
    author = "Carenza, Pierluca and Fore, Bryce and Giannotti, Maurizio and Mirizzi, Alessandro and Reddy, Sanjay",
    title = "{Enhanced Supernova Axion Emission and its Implications}",
    eprint = "2010.02943",
    archivePrefix = "arXiv",
    primaryClass = "hep-ph",
    reportNumber = "INT-PUB-20-039",
    doi = "10.1103/PhysRevLett.126.071102",
    journal = "Phys. Rev. Lett.",
    volume = "126",
    number = "7",
    pages = "071102",
    year = "2021"
}

@article{Berezhiani:1992rk,
    author = "Berezhiani, Z. G. and Sakharov, A. S. and Khlopov, M. Yu.",
    title = "{Primordial background of cosmological axions}",
    journal = "Sov. J. Nucl. Phys.",
    volume = "55",
    pages = "1063--1071",
    year = "1992"
}

@book{Kolb:1990vq,
    author = "Kolb, Edward W. and Turner, Michael S.",
    title = "{The Early Universe}",
    reportNumber = "FERMILAB-BOOK-1990-01",
    doi = "10.1201/9780429492860",
    isbn = "978-0-201-62674-2",
    volume = "69",
    year = "1990"
}



@article{IAXO:2020wwp,
    author = "Abeln, A. and others",
    collaboration = "IAXO",
    title = "{Conceptual design of BabyIAXO, the intermediate stage towards the International Axion Observatory}",
    eprint = "2010.12076",
    archivePrefix = "arXiv",
    primaryClass = "physics.ins-det",
    doi = "10.1007/JHEP05(2021)137",
    journal = "JHEP",
    volume = "05",
    pages = "137",
    year = "2021"
}



@article{Chang:2018rso,
    author = "Chang, Jae Hyeok and Essig, Rouven and McDermott, Samuel D.",
    title = "{Supernova 1987A Constraints on Sub-GeV Dark Sectors, Millicharged Particles, the QCD Axion, and an Axion-like Particle}",
    eprint = "1803.00993",
    archivePrefix = "arXiv",
    primaryClass = "hep-ph",
    reportNumber = "YITP-SB-18-01, FERMILAB-PUB-17-432-T",
    doi = "10.1007/JHEP09(2018)051",
    journal = "JHEP",
    volume = "09",
    pages = "051",
    year = "2018"
}

@article{Raffelt:1990yz,
    author = "Raffelt, Georg G.",
    title = "{Astrophysical methods to constrain axions and other novel particle phenomena}",
    reportNumber = "MPI-PAE-PTH-29-90",
    doi = "10.1016/0370-1573(90)90054-6",
    journal = "Phys. Rept.",
    volume = "198",
    pages = "1--113",
    year = "1990"
}

@article{Bar:2019ifz,
    author = "Bar, Nitsan and Blum, Kfir and D'Amico, Guido",
    title = "{Is there a supernova bound on axions?}",
    eprint = "1907.05020",
    archivePrefix = "arXiv",
    primaryClass = "hep-ph",
    reportNumber = "CERN-TH-2019-109",
    doi = "10.1103/PhysRevD.101.123025",
    journal = "Phys. Rev. D",
    volume = "101",
    number = "12",
    pages = "123025",
    year = "2020"
}}

@article{Brinckmann:2018cvx,
    author = "Brinckmann, Thejs and Lesgourgues, Julien",
    title = "{MontePython 3: boosted MCMC sampler and other features}",
    eprint = "1804.07261",
    archivePrefix = "arXiv",
    primaryClass = "astro-ph.CO",
    reportNumber = "TTK-18-15",
    doi = "10.1016/j.dark.2018.100260",
    journal = "Phys. Dark Univ.",
    volume = "24",
    pages = "100260",
    year = "2019"
}

@article{Blas:2011rf,
    author = "Blas, Diego and Lesgourgues, Julien and Tram, Thomas",
    title = "{The Cosmic Linear Anisotropy Solving System (CLASS) II: Approximation schemes}",
    eprint = "1104.2933",
    archivePrefix = "arXiv",
    primaryClass = "astro-ph.CO",
    reportNumber = "CERN-PH-TH-2011-082, LAPTH-010-11",
    doi = "10.1088/1475-7516/2011/07/034",
    journal = "JCAP",
    volume = "07",
    pages = "034",
    year = "2011"
}

@article{BOSS:2016wmc,
    author = "Alam, Shadab and others",
    collaboration = "BOSS",
    title = "{The clustering of galaxies in the completed SDSS-III Baryon Oscillation Spectroscopic Survey: cosmological analysis of the DR12 galaxy sample}",
    eprint = "1607.03155",
    archivePrefix = "arXiv",
    primaryClass = "astro-ph.CO",
    doi = "10.1093/mnras/stx721",
    journal = "Mon. Not. Roy. Astron. Soc.",
    volume = "470",
    number = "3",
    pages = "2617--2652",
    year = "2017"
}

@article{Ross:2014qpa,
    author = "Ross, Ashley J. and Samushia, Lado and Howlett, Cullan and Percival, Will J. and Burden, Angela and Manera, Marc",
    title = "{The clustering of the SDSS DR7 main Galaxy sample \textendash{} I. A 4 per cent distance measure at $z = 0.15$}",
    eprint = "1409.3242",
    archivePrefix = "arXiv",
    primaryClass = "astro-ph.CO",
    doi = "10.1093/mnras/stv154",
    journal = "Mon. Not. Roy. Astron. Soc.",
    volume = "449",
    number = "1",
    pages = "835--847",
    year = "2015"
}

@article{Beutler:2011hx,
    author = "Beutler, Florian and Blake, Chris and Colless, Matthew and Jones, D. Heath and Staveley-Smith, Lister and Campbell, Lachlan and Parker, Quentin and Saunders, Will and Watson, Fred",
    title = "{The 6dF Galaxy Survey: Baryon Acoustic Oscillations and the Local Hubble Constant}",
    eprint = "1106.3366",
    archivePrefix = "arXiv",
    primaryClass = "astro-ph.CO",
    doi = "10.1111/j.1365-2966.2011.19250.x",
    journal = "Mon. Not. Roy. Astron. Soc.",
    volume = "416",
    pages = "3017--3032",
    year = "2011"
}

@article{Froustey:2020mcq,
    author = "Froustey, Julien and Pitrou, Cyril and Volpe, Maria Cristina",
    title = "{Neutrino decoupling including flavour oscillations and primordial nucleosynthesis}",
    eprint = "2008.01074",
    archivePrefix = "arXiv",
    primaryClass = "hep-ph",
    doi = "10.1088/1475-7516/2020/12/015",
    journal = "JCAP",
    volume = "12",
    pages = "015",
    year = "2020"
}


@article{Kim:1979if,
    author = "Kim, Jihn E.",
    title = "{Weak Interaction Singlet and Strong CP Invariance}",
    reportNumber = "UPR-0120T",
    doi = "10.1103/PhysRevLett.43.103",
    journal = "Phys. Rev. Lett.",
    volume = "43",
    pages = "103",
    year = "1979"
}

@article{Bebie:1991ij,
    author = "Bebie, H. and Gerber, P. and Goity, J. L. and Leutwyler, H.",
    title = "{The Role of the entropy in an expanding hadronic gas}",
    reportNumber = "BUTP-91-14-BERN, PSI-PR-91-09",
    doi = "10.1016/0550-3213(92)90005-V",
    journal = "Nucl. Phys. B",
    volume = "378",
    pages = "95--128",
    year = "1992"
}

@article{ParticleDataGroup:2020ssz,
    author = "Zyla, P. A. and others",
    collaboration = "Particle Data Group",
    title = "{Review of Particle Physics}",
    doi = "10.1093/ptep/ptaa104",
    journal = "PTEP",
    volume = "2020",
    number = "8",
    pages = "083C01",
    year = "2020"
}


@article{Shifman:1979if,
    author = "Shifman, Mikhail A. and Vainshtein, A. I. and Zakharov, Valentin I.",
    title = "{Can Confinement Ensure Natural CP Invariance of Strong Interactions?}",
    reportNumber = "ITEP-64-1979",
    doi = "10.1016/0550-3213(80)90209-6",
    journal = "Nucl. Phys. B",
    volume = "166",
    pages = "493--506",
    year = "1980"
}

@article{Borsanyi:2016ksw,
    author = "Borsanyi, Sz. and others",
    title = "{Calculation of the axion mass based on high-temperature lattice quantum chromodynamics}",
    eprint = "1606.07494",
    archivePrefix = "arXiv",
    primaryClass = "hep-lat",
    reportNumber = "DESY-16-105",
    doi = "10.1038/nature20115",
    journal = "Nature",
    volume = "539",
    number = "7627",
    pages = "69--71",
    year = "2016"
}

@article{Kim:1979if,
    author = "Kim, Jihn E.",
    title = "{Weak Interaction Singlet and Strong CP Invariance}",
    reportNumber = "UPR-0120T",
    doi = "10.1103/PhysRevLett.43.103",
    journal = "Phys. Rev. Lett.",
    volume = "43",
    pages = "103",
    year = "1979"
}

@article{Shifman:1979if,
    author = "Shifman, Mikhail A. and Vainshtein, A. I. and Zakharov, Valentin I.",
    title = "{Can Confinement Ensure Natural CP Invariance of Strong Interactions?}",
    reportNumber = "ITEP-64-1979",
    doi = "10.1016/0550-3213(80)90209-6",
    journal = "Nucl. Phys. B",
    volume = "166",
    pages = "493--506",
    year = "1980"
}

@article{DEramo:2021psx,
    author = "D'Eramo, Francesco and Hajkarim, Fazlollah and Yun, Seokhoon",
    title = "{Thermal Axion Production at Low Temperatures: A Smooth Treatment of the QCD Phase Transition}",
    eprint = "2108.04259",
    archivePrefix = "arXiv",
    primaryClass = "hep-ph",
    doi = "10.1103/PhysRevLett.128.152001",
    journal = "Phys. Rev. Lett.",
    volume = "128",
    number = "15",
    pages = "152001",
    year = "2022"
}

@article{Leigh:1995jw,
    author = "Leigh, Robert G. and Rattazzi, Riccardo",
    title = "{Supersymmetry, finite temperature and gravitino production in the early universe}",
    eprint = "hep-ph/9503402",
    archivePrefix = "arXiv",
    reportNumber = "RU-94-100",
    doi = "10.1016/0370-2693(95)00466-X",
    journal = "Phys. Lett. B",
    volume = "352",
    pages = "20--28",
    year = "1995"
}

@article{Alvey:2021sji,
    author = "Alvey, James and Escudero, Miguel and Sabti, Nashwan",
    title = "{What can CMB observations tell us about the neutrino distribution function?}",
    eprint = "2111.12726",
    archivePrefix = "arXiv",
    primaryClass = "astro-ph.CO",
    reportNumber = "TUM-HEP-1375/21, KCL-2021-87",
    doi = "10.1088/1475-7516/2022/02/037",
    journal = "JCAP",
    volume = "02",
    number = "02",
    pages = "037",
    year = "2022"
}


@article{Ferreira:2018vjj,
    author = "Ferreira, Ricardo Z. and Notari, Alessio",
    title = "{Observable Windows for the QCD Axion Through the Number of Relativistic Species}",
    eprint = "1801.06090",
    archivePrefix = "arXiv",
    primaryClass = "hep-ph",
    doi = "10.1103/PhysRevLett.120.191301",
    journal = "Phys. Rev. Lett.",
    volume = "120",
    number = "19",
    pages = "191301",
    year = "2018"
}

@article{supplemental,
    title = "{See Supplemental Material at [URL will be inserted by publisher] for details on: the Boltzmann equations, the correspondence between $\pi\pi$ and $a\pi$ scattering, axion-Kaon amplitudes, the computation of scattering rates, the rate from strong sphalerons and our cosmological analysis.}"
}

@article{Akita:2020szl,
    author = "Akita, Kensuke and Yamaguchi, Masahide",
    title = "{A precision calculation of relic neutrino decoupling}",
    eprint = "2005.07047",
    archivePrefix = "arXiv",
    primaryClass = "hep-ph",
    doi = "10.1088/1475-7516/2020/08/012",
    journal = "JCAP",
    volume = "08",
    pages = "012",
    year = "2020"
}

@article{Moroi:1998qs,
    author = "Moroi, Takeo and Murayama, Hitoshi",
    title = "{Axionic hot dark matter in the hadronic axion window}",
    eprint = "hep-ph/9804291",
    archivePrefix = "arXiv",
    reportNumber = "UCB-PTH-98-20, LBL-41691, LBNL-41691",
    doi = "10.1016/S0370-2693(98)01091-0",
    journal = "Phys. Lett. B",
    volume = "440",
    pages = "69--76",
    year = "1998"
}

@article{CAST:2013bqn,
    author = "Arik, M. and others",
    collaboration = "CAST",
    title = "{Search for Solar Axions by the CERN Axion Solar Telescope with $^3$He Buffer Gas: Closing the Hot Dark Matter Gap}",
    eprint = "1307.1985",
    archivePrefix = "arXiv",
    primaryClass = "hep-ex",
    doi = "10.1103/PhysRevLett.112.091302",
    journal = "Phys. Rev. Lett.",
    volume = "112",
    number = "9",
    pages = "091302",
    year = "2014"
}

@article{DiValentino:2022edq,
    author = "Di Valentino, Eleonora and Gariazzo, Stefano and Giar\`e, William and Melchiorri, Alessandro and Mena, Olga and Renzi, Fabrizio",
    title = "{A novel model-marginalized cosmological bound on the QCD axion mass}",
    eprint = "2212.11926",
    archivePrefix = "arXiv",
    primaryClass = "astro-ph.CO",
    month = "12",
    year = "2022"
}

@article{DiLuzio:2022gsc,
    author = "Di Luzio, Luca and Martin Camalich, Jorge and Martinelli, Guido and Oller, Jos\'e Antonio and Piazza, Gioacchino",
    title = "{Axion-pion thermalization rate in unitarized NLO chiral perturbation theory}",
    eprint = "2211.05073",
    archivePrefix = "arXiv",
    primaryClass = "hep-ph",
    month = "11",
    year = "2022"
}


@article{Gorghetto:2018ocs,
    author = "Gorghetto, Marco and Villadoro, Giovanni",
    title = "{Topological Susceptibility and QCD Axion Mass: QED and NNLO corrections}",
    eprint = "1812.01008",
    archivePrefix = "arXiv",
    primaryClass = "hep-ph",
    doi = "10.1007/JHEP03(2019)033",
    journal = "JHEP",
    volume = "03",
    pages = "033",
    year = "2019"
}


@article{GrillidiCortona:2015jxo,
    author = "Grilli di Cortona, Giovanni and Hardy, Edward and Pardo Vega, Javier and Villadoro, Giovanni",
    title = "{The QCD axion, precisely}",
    eprint = "1511.02867",
    archivePrefix = "arXiv",
    primaryClass = "hep-ph",
    doi = "10.1007/JHEP01(2016)034",
    journal = "JHEP",
    volume = "01",
    pages = "034",
    year = "2016"
}

@article{Turner:1986tb,
    author = "Turner, Michael S.",
    title = "{Thermal Production of Not SO Invisible Axions in the Early Universe}",
    reportNumber = "FERMILAB-PUB-86-150-A",
    doi = "10.1103/PhysRevLett.59.2489",
    journal = "Phys. Rev. Lett.",
    volume = "59",
    pages = "2489",
    year = "1987",
    note = "[Erratum: Phys.Rev.Lett. 60, 1101 (1988)]"
}


@article{Altenkort:2020axj,
    author = "Altenkort, Luis and Eller, Alexander M. and Kaczmarek, Olaf and Mazur, Lukas and Moore, Guy D. and Shu, Hai-Tao",
    title = "{Sphaleron rate from Euclidean lattice correlators: An exploration}",
    eprint = "2012.08279",
    archivePrefix = "arXiv",
    primaryClass = "hep-lat",
    doi = "10.1103/PhysRevD.103.114513",
    journal = "Phys. Rev. D",
    volume = "103",
    number = "11",
    pages = "114513",
    year = "2021"
}



@article{Mancha:2022umq,
    author = "Mancha, Marc Barroso and Moore, Guy D.",
    title = "{The Sphaleron Rate from 4D Euclidean Lattices}",
    eprint = "2210.05507",
    archivePrefix = "arXiv",
    primaryClass = "hep-lat",
    month = "10",
    year = "2022"
}

@article{Graf:2010tv,
    author = "Graf, Peter and Steffen, Frank Daniel",
    title = "{Thermal axion production in the primordial quark-gluon plasma}",
    eprint = "1008.4528",
    archivePrefix = "arXiv",
    primaryClass = "hep-ph",
    reportNumber = "MPP-2010-20",
    doi = "10.1103/PhysRevD.83.075011",
    journal = "Phys. Rev. D",
    volume = "83",
    pages = "075011",
    year = "2011"
}

@article{Pan-STARRS1:2017jku,
    author = "Scolnic, D. M. and others",
    collaboration = "Pan-STARRS1",
    title = "{The Complete Light-curve Sample of Spectroscopically Confirmed SNe Ia from Pan-STARRS1 and Cosmological Constraints from the Combined Pantheon Sample}",
    eprint = "1710.00845",
    archivePrefix = "arXiv",
    primaryClass = "astro-ph.CO",
    doi = "10.3847/1538-4357/aab9bb",
    journal = "Astrophys. J.",
    volume = "859",
    number = "2",
    pages = "101",
    year = "2018"
}

@article{Dunsky:2022uoq,
    author = "Dunsky, David I. and Hall, Lawrence J. and Harigaya, Keisuke",
    title = "{Dark Radiation Constraints on Heavy QCD Axions}",
    eprint = "2205.11540",
    archivePrefix = "arXiv",
    primaryClass = "hep-ph",
    month = "5",
    year = "2022"
}


@article{Masso:2002np,
    author = "Masso, Eduard and Rota, Francesc and Zsembinszki, Gabriel",
    title = "{On axion thermalization in the early universe}",
    eprint = "hep-ph/0203221",
    archivePrefix = "arXiv",
    reportNumber = "UAB-FT-522",
    doi = "10.1103/PhysRevD.66.023004",
    journal = "Phys. Rev. D",
    volume = "66",
    pages = "023004",
    year = "2002"
}

@article{Peccei:1977hh,
    author = "Peccei, R. D. and Quinn, Helen R.",
    title = "{CP Conservation in the Presence of Instantons}",
    reportNumber = "ITP-568-STANFORD",
    doi = "10.1103/PhysRevLett.38.1440",
    journal = "Phys. Rev. Lett.",
    volume = "38",
    pages = "1440--1443",
    year = "1977"
}

@article{Peccei:1977ur,
    author = "Peccei, R. D. and Quinn, Helen R.",
    title = "{Constraints Imposed by CP Conservation in the Presence of Instantons}",
    reportNumber = "ITP-572-STANFORD",
    doi = "10.1103/PhysRevD.16.1791",
    journal = "Phys. Rev. D",
    volume = "16",
    pages = "1791--1797",
    year = "1977"
}



@article{Weinberg:1977ma,
    author = "Weinberg, Steven",
    title = "{A New Light Boson?}",
    reportNumber = "HUTP-77/A074",
    doi = "10.1103/PhysRevLett.40.223",
    journal = "Phys. Rev. Lett.",
    volume = "40",
    pages = "223--226",
    year = "1978"
}

@article{Wilczek:1977pj,
    author = "Wilczek, Frank",
    title = "{Problem of Strong  $P$  and  $T$  Invariance in the Presence of Instantons}",
    reportNumber = "Print-77-0939 (COLUMBIA)",
    doi = "10.1103/PhysRevLett.40.279",
    journal = "Phys. Rev. Lett.",
    volume = "40",
    pages = "279--282",
    year = "1978"
}

@book{Laine:2016hma,
    author = "Laine, Mikko and Vuorinen, Aleksi",
    title = "{Basics of Thermal Field Theory}",
    eprint = "1701.01554",
    archivePrefix = "arXiv",
    primaryClass = "hep-ph",
    doi = "10.1007/978-3-319-31933-9",
    publisher = "Springer",
    volume = "925",
    year = "2016"
}

@article{Rychkov:2007uq,
    author = "Rychkov, Vyacheslav S. and Strumia, Alessandro",
    title = "{Thermal production of gravitinos}",
    eprint = "hep-ph/0701104",
    archivePrefix = "arXiv",
    reportNumber = "IFUP-TH-07-1",
    doi = "10.1103/PhysRevD.75.075011",
    journal = "Phys. Rev. D",
    volume = "75",
    pages = "075011",
    year = "2007"
}

@article{Lepage:2020tgj,
    author = "Lepage, G. Peter",
    title = "{Adaptive multidimensional integration: VEGAS enhanced}",
    eprint = "2009.05112",
    archivePrefix = "arXiv",
    primaryClass = "physics.comp-ph",
    doi = "10.1016/j.jcp.2021.110386",
    journal = "J. Comput. Phys.",
    volume = "439",
    pages = "110386",
    year = "2021"
}

@article{DEramo:2021lgb,
    author = "D'Eramo, Francesco and Hajkarim, Fazlollah and Yun, Seokhoon",
    title = "{Thermal QCD Axions across Thresholds}",
    eprint = "2108.05371",
    archivePrefix = "arXiv",
    primaryClass = "hep-ph",
    doi = "10.1007/JHEP10(2021)224",
    journal = "JHEP",
    volume = "10",
    pages = "224",
    year = "2021"
}

@article{Moore:2010jd,
    author = "Moore, Guy D. and Tassler, Marcus",
    title = "{The Sphaleron Rate in SU(N) Gauge Theory}",
    eprint = "1011.1167",
    archivePrefix = "arXiv",
    primaryClass = "hep-ph",
    doi = "10.1007/JHEP02(2011)105",
    journal = "JHEP",
    volume = "02",
    pages = "105",
    year = "2011"
}

@article{Nakamura:2003pu,
    author = "Nakamura, A. and Saito, T. and Sakai, S.",
    title = "{Lattice calculation of gluon screening masses}",
    eprint = "hep-lat/0311024",
    archivePrefix = "arXiv",
    doi = "10.1103/PhysRevD.69.014506",
    journal = "Phys. Rev. D",
    volume = "69",
    pages = "014506",
    year = "2004"
}

@article{DiLuzio:2021vjd,
    author = "Di Luzio, Luca and Martinelli, Guido and Piazza, Gioacchino",
    title = "{Breakdown of chiral perturbation theory for the axion hot dark matter bound}",
    eprint = "2101.10330",
    archivePrefix = "arXiv",
    primaryClass = "hep-ph",
    reportNumber = "DESY-21-012, DESY 21-012",
    doi = "10.1103/PhysRevLett.126.241801",
    journal = "Phys. Rev. Lett.",
    volume = "126",
    number = "24",
    pages = "241801",
    year = "2021"
}

@book{Kolb:1990vq,
    author = "Kolb, Edward W. and Turner, Michael S.",
    title = "{The Early Universe}",
    reportNumber = "FERMILAB-BOOK-1990-01",
    doi = "10.1201/9780429492860",
    isbn = "978-0-201-62674-2",
    volume = "69",
    year = "1990"
}

@article{SimonsObservatory:2018koc,
    author = "Ade, Peter and others",
    collaboration = "Simons Observatory",
    title = "{The Simons Observatory: Science goals and forecasts}",
    eprint = "1808.07445",
    archivePrefix = "arXiv",
    primaryClass = "astro-ph.CO",
    doi = "10.1088/1475-7516/2019/02/056",
    journal = "JCAP",
    volume = "02",
    pages = "056",
    year = "2019"
}

@article{CMB-S4:2022ght,
    author = "Abazajian, Kevork and others",
    collaboration = "CMB-S4",
    title = "{Snowmass 2021 CMB-S4 White Paper}",
    eprint = "2203.08024",
    archivePrefix = "arXiv",
    primaryClass = "astro-ph.CO",
    month = "3",
    year = "2022"
}



@article{Baumann:2016wac,
    author = "Baumann, Daniel and Green, Daniel and Wallisch, Benjamin",
    title = "{New Target for Cosmic Axion Searches}",
    eprint = "1604.08614",
    archivePrefix = "arXiv",
    primaryClass = "astro-ph.CO",
    doi = "10.1103/PhysRevLett.117.171301",
    journal = "Phys. Rev. Lett.",
    volume = "117",
    number = "17",
    pages = "171301",
    year = "2016"
}


article{Ferreira:2018vjj,
    author = "Ferreira, Ricardo Z. and Notari, Alessio",
    title = "{Observable Windows for the QCD Axion Through the Number of Relativistic Species}",
    eprint = "1801.06090",
    archivePrefix = "arXiv",
    primaryClass = "hep-ph",
    doi = "10.1103/PhysRevLett.120.191301",
    journal = "Phys. Rev. Lett.",
    volume = "120",
    number = "19",
    pages = "191301",
    year = "2018"
}

@article{DEramo:2018vss,
    author = "D'Eramo, Francesco and Ferreira, Ricardo Z. and Notari, Alessio and Bernal, Jos\'e Luis",
    title = "{Hot Axions and the $H_0$ tension}",
    eprint = "1808.07430",
    archivePrefix = "arXiv",
    primaryClass = "hep-ph",
    doi = "10.1088/1475-7516/2018/11/014",
    journal = "JCAP",
    volume = "11",
    pages = "014",
    year = "2018"
}


@article{AriasAragon:2020shv,
    author = "Arias-Arag\'on, Fernando and D'Eramo, Francesco and Ferreira, Ricardo Z. and Merlo, Luca and Notari, Alessio",
    title = "{Production of Thermal Axions across the ElectroWeak Phase Transition}",
    eprint = "2012.04736",
    archivePrefix = "arXiv",
    primaryClass = "hep-ph",
    doi = "10.1088/1475-7516/2021/03/090",
    journal = "JCAP",
    volume = "03",
    pages = "090",
    year = "2021"
}

@article{Green:2021hjh,
    author = "Green, Daniel and Guo, Yi and Wallisch, Benjamin",
    title = "{Cosmological implications of axion-matter couplings}",
    eprint = "2109.12088",
    archivePrefix = "arXiv",
    primaryClass = "astro-ph.CO",
    doi = "10.1088/1475-7516/2022/02/019",
    journal = "JCAP",
    volume = "02",
    number = "02",
    pages = "019",
    year = "2022"
}


@article{Ferreira:2020bpb,
    author = "Ferreira, Ricardo Z. and Notari, Alessio and Rompineve, Fabrizio",
    title = "{Dine-Fischler-Srednicki-Zhitnitsky axion in the CMB}",
    eprint = "2012.06566",
    archivePrefix = "arXiv",
    primaryClass = "hep-ph",
    doi = "10.1103/PhysRevD.103.063524",
    journal = "Phys. Rev. D",
    volume = "103",
    number = "6",
    pages = "063524",
    year = "2021"
}



@article{Hannestad:2005df,
    author = "Hannestad, Steen and Mirizzi, Alessandro and Raffelt, Georg",
    title = "{New cosmological mass limit on thermal relic axions}",
    eprint = "hep-ph/0504059",
    archivePrefix = "arXiv",
    doi = "10.1088/1475-7516/2005/07/002",
    journal = "JCAP",
    volume = "07",
    pages = "002",
    year = "2005"
}

@article{Hanhart:2000ae,
    author = "Hanhart, Christoph and Phillips, Daniel R. and Reddy, Sanjay",
    title = "{Neutrino and axion emissivities of neutron stars from nucleon-nucleon scattering data}",
    eprint = "astro-ph/0003445",
    archivePrefix = "arXiv",
    reportNumber = "NT-UW-00-05, DOE-ER-40561-90",
    doi = "10.1016/S0370-2693(00)01382-4",
    journal = "Phys. Lett. B",
    volume = "499",
    pages = "9--15",
    year = "2001"
}

@article{Goity:1989gs,
    author = "Goity, J. L. and Leutwyler, H.",
    title = "{On the Mean Free Path of Pions in Hot Matter}",
    reportNumber = "PSI-PR-89-08",
    doi = "10.1016/0370-2693(89)90985-4",
    journal = "Phys. Lett. B",
    volume = "228",
    pages = "517--522",
    year = "1989"
}


@article{Bebie:1991ij,
    author = "Bebie, H. and Gerber, P. and Goity, J. L. and Leutwyler, H.",
    title = "{The Role of the entropy in an expanding hadronic gas}",
    reportNumber = "BUTP-91-14-BERN, PSI-PR-91-09",
    doi = "10.1016/0550-3213(92)90005-V",
    journal = "Nucl. Phys. B",
    volume = "378",
    pages = "95--128",
    year = "1992"
}

@article{LongPaper,
    author = "Notari, A. and Rompineve, F. and Villadoro, G.",
    title = "{Longer paper}",
}

@article{Schenk:1993ru,
    author = "Schenk, A.",
    title = "{Pion propagation at finite temperature}",
    reportNumber = "BUTP-92-48",
    doi = "10.1103/PhysRevD.47.5138",
    journal = "Phys. Rev. D",
    volume = "47",
    pages = "5138--5155",
    year = "1993"
}

@article{McLerran:1990de,
    author = "McLerran, Larry D. and Mottola, Emil and Shaposhnikov, Mikhail E.",
    title = "{Sphalerons and Axion Dynamics in High Temperature {QCD}}",
    reportNumber = "TPI-MINN-90-15-T, LA-UR-90-800",
    doi = "10.1103/PhysRevD.43.2027",
    journal = "Phys. Rev. D",
    volume = "43",
    pages = "2027--2035",
    year = "1991"
}



@article{Berghaus:2020ekh,
    author = "Berghaus, Kim V. and Graham, Peter W. and Kaplan, David E. and Moore, Guy D. and Rajendran, Surjeet",
    title = "{Dark energy radiation}",
    eprint = "2012.10549",
    archivePrefix = "arXiv",
    primaryClass = "hep-ph",
    doi = "10.1103/PhysRevD.104.083520",
    journal = "Phys. Rev. D",
    volume = "104",
    number = "8",
    pages = "083520",
    year = "2021"
}

@article{Garcia-Martin:2011iqs,
    author = "Garcia-Martin, R. and Kaminski, R. and Pelaez, J. R. and Ruiz de Elvira, J. and Yndurain, F. J.",
    title = "{The Pion-pion scattering amplitude. IV: Improved analysis with once subtracted Roy-like equations up to 1100 MeV}",
    eprint = "1102.2183",
    archivePrefix = "arXiv",
    primaryClass = "hep-ph",
    doi = "10.1103/PhysRevD.83.074004",
    journal = "Phys. Rev. D",
    volume = "83",
    pages = "074004",
    year = "2011"
}

@article{Gasser:1983yg,
    author = "Gasser, J. and Leutwyler, H.",
    title = "{Chiral Perturbation Theory to One Loop}",
    reportNumber = "CERN-TH-3689",
    doi = "10.1016/0003-4916(84)90242-2",
    journal = "Annals Phys.",
    volume = "158",
    pages = "142",
    year = "1984"
}

@book{Bellac:2011kqa,
    author = "Bellac, Michel Le",
    title = "{Thermal Field Theory}",
    doi = "10.1017/CBO9780511721700",
    isbn = "978-0-511-88506-8, 978-0-521-65477-7",
    publisher = "Cambridge University Press",
    series = "Cambridge Monographs on Mathematical Physics",
    month = "3",
    year = "2011"
}

@article{Bar:2019ifz,
    author = "Bar, Nitsan and Blum, Kfir and D'Amico, Guido",
    title = "{Is there a supernova bound on axions?}",
    eprint = "1907.05020",
    archivePrefix = "arXiv",
    primaryClass = "hep-ph",
    reportNumber = "CERN-TH-2019-109",
    doi = "10.1103/PhysRevD.101.123025",
    journal = "Phys. Rev. D",
    volume = "101",
    number = "12",
    pages = "123025",
    year = "2020"
}

@article{DEramo:2022nvb,
    author = "D'Eramo, Francesco and Di Valentino, Eleonora and Giar\`e, William and Hajkarim, Fazlollah and Melchiorri, Alessandro and Mena, Olga and Renzi, Fabrizio and Yun, Seokhoon",
    title = "{Cosmological bound on the QCD axion mass, redux}",
    eprint = "2205.07849",
    archivePrefix = "arXiv",
    primaryClass = "astro-ph.CO",
    doi = "10.1088/1475-7516/2022/09/022",
    journal = "JCAP",
    volume = "09",
    pages = "022",
    year = "2022"
}

@article{Dolgov:1997mb,
    author = "Dolgov, A. D. and Hansen, S. H. and Semikoz, D. V.",
    title = "{Nonequilibrium corrections to the spectra of massless neutrinos in the early universe}",
    eprint = "hep-ph/9703315",
    archivePrefix = "arXiv",
    reportNumber = "TAC-1997-010",
    doi = "10.1016/S0550-3213(97)00479-3",
    journal = "Nucl. Phys. B",
    volume = "503",
    pages = "426--444",
    year = "1997"
}

@article{Hannestad:1995rs,
    author = "Hannestad, Steen and Madsen, Jes",
    title = "{Neutrino decoupling in the early universe}",
    eprint = "astro-ph/9506015",
    archivePrefix = "arXiv",
    reportNumber = "TAC-1995-006, IFA-95-14, AARHUS-ASTRO-1995-08",
    doi = "10.1103/PhysRevD.52.1764",
    journal = "Phys. Rev. D",
    volume = "52",
    pages = "1764--1769",
    year = "1995"
}

@article{Hannestad:2007dd,
    author = "Hannestad, Steen and Mirizzi, Alessandro and Raffelt, Georg G. and Wong, Yvonne Y. Y.",
    title = "{Cosmological constraints on neutrino plus axion hot dark matter}",
    eprint = "0706.4198",
    archivePrefix = "arXiv",
    primaryClass = "astro-ph",
    reportNumber = "MPP-2007-81",
    doi = "10.1088/1475-7516/2007/08/015",
    journal = "JCAP",
    volume = "08",
    pages = "015",
    year = "2007"
}

@article{DEramo:2021psx,
    author = "D'Eramo, Francesco and Hajkarim, Fazlollah and Yun, Seokhoon",
    title = "{Thermal Axion Production at Low Temperatures: A Smooth Treatment of the QCD Phase Transition}",
    eprint = "2108.04259",
    archivePrefix = "arXiv",
    primaryClass = "hep-ph",
    doi = "10.1103/PhysRevLett.128.152001",
    journal = "Phys. Rev. Lett.",
    volume = "128",
    number = "15",
    pages = "152001",
    year = "2022"
}


@article{Giare:2020vzo,
    author = "Giar\`e, William and Di Valentino, Eleonora and Melchiorri, Alessandro and Mena, Olga",
    title = "{New cosmological bounds on hot relics: axions and neutrinos}",
    eprint = "2011.14704",
    archivePrefix = "arXiv",
    primaryClass = "astro-ph.CO",
    reportNumber = "IPPP/20/105",
    doi = "10.1093/mnras/stab1442",
    journal = "Mon. Not. Roy. Astron. Soc.",
    volume = "505",
    number = "2",
    pages = "2703--2711",
    year = "2021"
}


@article{DiValentino:2015wba,
    author = "Di Valentino, Eleonora and Giusarma, Elena and Lattanzi, Massimiliano and Mena, Olga and Melchiorri, Alessandro and Silk, Joseph",
    title = "{Cosmological Axion and neutrino mass constraints from Planck 2015 temperature and polarization data}",
    eprint = "1507.08665",
    archivePrefix = "arXiv",
    primaryClass = "astro-ph.CO",
    doi = "10.1016/j.physletb.2015.11.025",
    journal = "Phys. Lett. B",
    volume = "752",
    pages = "182--185",
    year = "2016"
}

@article{Melchiorri:2007cd,
    author = "Melchiorri, Alessandro and Mena, Olga and Slosar, Anze",
    title = "{An improved cosmological bound on the thermal axion mass}",
    eprint = "0705.2695",
    archivePrefix = "arXiv",
    primaryClass = "astro-ph",
    doi = "10.1103/PhysRevD.76.041303",
    journal = "Phys. Rev. D",
    volume = "76",
    pages = "041303",
    year = "2007"
}



@article{Chang:1993gm,
    author = "Chang, Sanghyeon and Choi, Kiwoon",
    title = "{Hadronic axion window and the big bang nucleosynthesis}",
    eprint = "hep-ph/9306216",
    archivePrefix = "arXiv",
    reportNumber = "SNUTP-93-11",
    doi = "10.1016/0370-2693(93)90656-3",
    journal = "Phys. Lett. B",
    volume = "316",
    pages = "51--56",
    year = "1993"
}



@article{Pelaez:2004vs,
    author = "Pelaez, J. R. and Yndurain, F. J.",
    title = "{The Pion-pion scattering amplitude}",
    eprint = "hep-ph/0411334",
    archivePrefix = "arXiv",
    reportNumber = "FTUAM-04-14",
    doi = "10.1103/PhysRevD.71.074016",
    journal = "Phys. Rev. D",
    volume = "71",
    pages = "074016",
    year = "2005"
}

@article{Gasser:1983yg,
    author = "Gasser, J. and Leutwyler, H.",
    title = "{Chiral Perturbation Theory to One Loop}",
    reportNumber = "CERN-TH-3689",
    doi = "10.1016/0003-4916(84)90242-2",
    journal = "Annals Phys.",
    volume = "158",
    pages = "142",
    year = "1984"
}

@article{Linde:1980ts,
    author = "Linde, Andrei D.",
    title = "{Infrared Problem in Thermodynamics of the Yang-Mills Gas}",
    reportNumber = "LEBEDEV-80-106",
    doi = "10.1016/0370-2693(80)90769-8",
    journal = "Phys. Lett. B",
    volume = "96",
    pages = "289--292",
    year = "1980"
}

@article{Gross:1980br,
    author = "Gross, David J. and Pisarski, Robert D. and Yaffe, Laurence G.",
    title = "{QCD and Instantons at Finite Temperature}",
    reportNumber = "PRINT-80-0538 (PRINCETON)",
    doi = "10.1103/RevModPhys.53.43",
    journal = "Rev. Mod. Phys.",
    volume = "53",
    pages = "43",
    year = "1981"
}

@article{Bodeker:1998hm,
    author = "Bodeker, Dietrich",
    title = "{On the effective dynamics of soft nonAbelian gauge fields at finite temperature}",
    eprint = "hep-ph/9801430",
    archivePrefix = "arXiv",
    reportNumber = "HD-THEP-98-04",
    doi = "10.1016/S0370-2693(98)00279-2",
    journal = "Phys. Lett. B",
    volume = "426",
    pages = "351--360",
    year = "1998"
}

@article{Arnold:1998cy,
    author = "Arnold, Peter Brockway and Son, Dam T. and Yaffe, Laurence G.",
    title = "{Effective dynamics of hot, soft nonAbelian gauge fields. Color conductivity and log(1/alpha) effects}",
    eprint = "hep-ph/9810216",
    archivePrefix = "arXiv",
    reportNumber = "UW-PT-98-10, MIT-CTP-2779",
    doi = "10.1103/PhysRevD.59.105020",
    journal = "Phys. Rev. D",
    volume = "59",
    pages = "105020",
    year = "1999"
}


@article{Allali:2023zbi,
    author = "Allali, Itamar J. and Rompineve, Fabrizio and Hertzberg, Mark P.",
    title = "{Dark sectors with mass thresholds face cosmological datasets}",
    eprint = "2305.14166",
    archivePrefix = "arXiv",
    primaryClass = "astro-ph.CO",
    reportNumber = "CERN-TH-2023-084",
    doi = "10.1103/PhysRevD.108.023527",
    journal = "Phys. Rev. D",
    volume = "108",
    number = "2",
    pages = "023527",
    year = "2023"
}

@article{Blinov:2020hmc,
    author = "Blinov, Nikita and Marques-Tavares, Gustavo",
    title = "{Interacting radiation after Planck and its implications for the Hubble Tension}",
    eprint = "2003.08387",
    archivePrefix = "arXiv",
    primaryClass = "astro-ph.CO",
    reportNumber = "FERMILAB-PUB-20-114-A-T",
    doi = "10.1088/1475-7516/2020/09/029",
    journal = "JCAP",
    volume = "09",
    pages = "029",
    year = "2020"
}

@article{Viel:2005qj,
    author = "Viel, Matteo and Lesgourgues, Julien and Haehnelt, Martin G. and Matarrese, Sabino and Riotto, Antonio",
    title = "{Constraining warm dark matter candidates including sterile neutrinos and light gravitinos with WMAP and the Lyman-alpha forest}",
    eprint = "astro-ph/0501562",
    archivePrefix = "arXiv",
    reportNumber = "DFPD-05-08, LAPTH-1086-05",
    doi = "10.1103/PhysRevD.71.063534",
    journal = "Phys. Rev. D",
    volume = "71",
    pages = "063534",
    year = "2005"
}

@article{Osato:2016ixc,
    author = "Osato, Ken and Sekiguchi, Toyokazu and Shirasaki, Masato and Kamada, Ayuki and Yoshida, Naoki",
    title = "{Cosmological Constraint on the Light Gravitino Mass from CMB Lensing and Cosmic Shear}",
    eprint = "1601.07386",
    archivePrefix = "arXiv",
    primaryClass = "astro-ph.CO",
    reportNumber = "CTPU-16-02",
    doi = "10.1088/1475-7516/2016/06/004",
    journal = "JCAP",
    volume = "06",
    pages = "004",
    year = "2016"
}

@article{Xu:2021rwg,
    author = "Xu, Weishuang Linda and Mu\~noz, Julian B. and Dvorkin, Cora",
    title = "{Cosmological constraints on light but massive relics}",
    eprint = "2107.09664",
    archivePrefix = "arXiv",
    primaryClass = "astro-ph.CO",
    doi = "10.1103/PhysRevD.105.095029",
    journal = "Phys. Rev. D",
    volume = "105",
    number = "9",
    pages = "095029",
    year = "2022"
}

@article{ACT:2020gnv,
    author = "Aiola, Simone and others",
    collaboration = "ACT",
    title = "{The Atacama Cosmology Telescope: DR4 Maps and Cosmological Parameters}",
    eprint = "2007.07288",
    archivePrefix = "arXiv",
    primaryClass = "astro-ph.CO",
    doi = "10.1088/1475-7516/2020/12/047",
    journal = "JCAP",
    volume = "12",
    pages = "047",
    year = "2020"
}

@article{SPT-3G:2021vps,
    author = "Sobrin, J. A. and others",
    collaboration = "SPT-3G",
    title = "{The Design and Integrated Performance of SPT-3G}",
    eprint = "2106.11202",
    archivePrefix = "arXiv",
    primaryClass = "astro-ph.IM",
    reportNumber = "FERMILAB-PUB-21-291-AE",
    doi = "10.3847/1538-4365/ac374f",
    journal = "Astrophys. J. Supp.",
    volume = "258",
    number = "2",
    pages = "42",
    year = "2022"
}

@article{8121257a-8afe-386e-aac5-a5547d8ffe16,
 ISSN = {03405443, 14320762},
 URL = {http://www.jstor.org/stable/41413994},
 abstract = {We briefly outline the information-theoretic (I-T) approaches to valid inference including a review of some simple methods for making formal inference from all the hypotheses in the model set (multimodel inference). The I-T approaches can replace the usual t tests and ANOVA tables that are so inferentially limited, but still commonly used. The I-T methods are easy to compute and understand and provide formal measures of the strength of evidence for both the null and alternative hypotheses, given the data. We give an example to highlight the importance of deriving alternative hypotheses and representing these as probability models. Fifteen technical issues are addressed to clarify various points that have appeared incorrectly in the recent literature. We offer several remarks regarding the future of empirical science and data analysis under an I-T framework.},
 author = {Kenneth P. Burnham and David R. Anderson and Kathryn P. Huyvaert},
 journal = {Behavioral Ecology and Sociobiology},
 number = {1},
 pages = {23--35},
 publisher = {Springer},
 title = {AIC model selection and multimodel inference in behavioral ecology: some background, observations, and comparisons},
 urldate = {2024-04-21},
 volume = {65},
 year = {2011}
}

@article{Aloni:2023tff,
    author = "Aloni, Daniel and Joseph, Melissa and Schmaltz, Martin and Weiner, Neal",
    title = "{Dark Radiation from Neutrino Mixing after Big Bang Nucleosynthesis}",
    eprint = "2301.10792",
    archivePrefix = "arXiv",
    primaryClass = "astro-ph.CO",
    doi = "10.1103/PhysRevLett.131.221001",
    journal = "Phys. Rev. Lett.",
    volume = "131",
    number = "22",
    pages = "221001",
    year = "2023"
}

@article{Schoneberg:2019wmt,
    author = {Sch\"oneberg, Nils and Lesgourgues, Julien and Hooper, Deanna C.},
    title = "{The BAO+BBN take on the Hubble tension}",
    eprint = "1907.11594",
    archivePrefix = "arXiv",
    primaryClass = "astro-ph.CO",
    reportNumber = "TTK-19-30",
    doi = "10.1088/1475-7516/2019/10/029",
    journal = "JCAP",
    volume = "10",
    pages = "029",
    year = "2019"
}

@article{Archidiacono:2019wdp,
    author = "Archidiacono, Maria and Hooper, Deanna C. and Murgia, Riccardo and Bohr, Sebastian and Lesgourgues, Julien and Viel, Matteo",
    title = "{Constraining Dark Matter-Dark Radiation interactions with CMB, BAO, and Lyman-$\alpha$}",
    eprint = "1907.01496",
    archivePrefix = "arXiv",
    primaryClass = "astro-ph.CO",
    doi = "10.1088/1475-7516/2019/10/055",
    journal = "JCAP",
    volume = "10",
    pages = "055",
    year = "2019"
}

@article{Buen-Abad:2015ova,
    author = "Buen-Abad, Manuel A. and Marques-Tavares, Gustavo and Schmaltz, Martin",
    title = "{Non-Abelian dark matter and dark radiation}",
    eprint = "1505.03542",
    archivePrefix = "arXiv",
    primaryClass = "hep-ph",
    doi = "10.1103/PhysRevD.92.023531",
    journal = "Phys. Rev. D",
    volume = "92",
    number = "2",
    pages = "023531",
    year = "2015"
}

@article{Buen-Abad:2017gxg,
    author = "Buen-Abad, Manuel A. and Schmaltz, Martin and Lesgourgues, Julien and Brinckmann, Thejs",
    title = "{Interacting Dark Sector and Precision Cosmology}",
    eprint = "1708.09406",
    archivePrefix = "arXiv",
    primaryClass = "astro-ph.CO",
    doi = "10.1088/1475-7516/2018/01/008",
    journal = "JCAP",
    volume = "01",
    pages = "008",
    year = "2018"
}

@article{Cyr-Racine:2015ihg,
    author = "Cyr-Racine, Francis-Yan and Sigurdson, Kris and Zavala, Jesus and Bringmann, Torsten and Vogelsberger, Mark and Pfrommer, Christoph",
    title = "{ETHOS\textemdash{}an effective theory of structure formation: From dark particle physics to the matter distribution of the Universe}",
    eprint = "1512.05344",
    archivePrefix = "arXiv",
    primaryClass = "astro-ph.CO",
    doi = "10.1103/PhysRevD.93.123527",
    journal = "Phys. Rev. D",
    volume = "93",
    number = "12",
    pages = "123527",
    year = "2016"
}

@article{Addison:2023fqc,
    author = "Addison, Graeme E. and Bennett, Charles L. and Halpern, Mark and Hinshaw, Gary and Weiland, Janet L.",
    title = "{Revisiting the $A_L$ Lensing Anomaly in Planck 2018 Temperature Data}",
    eprint = "2310.03127",
    archivePrefix = "arXiv",
    primaryClass = "astro-ph.CO",
    month = "10",
    year = "2023"
}

@article{Tristram:2023haj,
    author = "Tristram, M. and others",
    title = "{Cosmological parameters derived from the final Planck data release (PR4)}",
    eprint = "2309.10034",
    archivePrefix = "arXiv",
    primaryClass = "astro-ph.CO",
    doi = "10.1051/0004-6361/202348015",
    journal = "Astron. Astrophys.",
    volume = "682",
    pages = "A37",
    year = "2024"
}

@article{Breuval:2024lsv,
    author = "Breuval, Louise and Riess, Adam G. and Casertano, Stefano and Yuan, Wenlong and Macri, Lucas M. and Romaniello, Martino and Murakami, Yukei S. and Scolnic, Daniel and Anand, Gagandeep S. and Soszy\'nski, Igor",
    title = "{Small Magellanic Cloud Cepheids Observed with the Hubble Space Telescope Provide a New Anchor for the SH0ES Distance Ladder}",
    eprint = "2404.08038",
    archivePrefix = "arXiv",
    primaryClass = "astro-ph.CO",
    month = "4",
    year = "2024"
}

@article{DES:2024tys,
    author = "Abbott, T. M. C. and others",
    collaboration = "DES",
    title = "{The Dark Energy Survey: Cosmology Results With \textasciitilde{}1500 New High-redshift Type Ia Supernovae Using The Full 5-year Dataset}",
    eprint = "2401.02929",
    archivePrefix = "arXiv",
    primaryClass = "astro-ph.CO",
    reportNumber = "FERMILAB-PUB-23-0821-PPD, DES-2023-805",
    month = "1",
    year = "2024"
}