@book{han,
		Author 		= {Han,J. C. and Dutta, S. and Ekkad, S.},
		Edition 	= {First},
		Publisher 	= {Taylor \& Francis},
		Title 		= {Gas Turbine Heat Transfer and Cooling Technology},
		Year 		= {2000},
		}
	
@article{garg, 
		Author 	= {Garg, V. K. and Gaugler, R. E.},
		Journal = {Journal of Turbomachinery},
		School 	= {Turbine Branch, Turbomachinery \& Propulsion SystemsDivision. NASA Lewis Research Center, Cleveland, OH},
		Title 	= {Effect of Velocity and Temperature Distributionat the Hole Exit on Film Cooling of Turbine Blades},
		pages 	= {347-351},
		Volume 	= {119},
		Year	= {1997}
		}

@conference{stecco,
		Author 	= {Stecco, S.S. and Facchini, B.},
		Booktitle = {III Convegno Nazionale sui Gruppi Combinati},
		Title 	= {Refrigerazione di palette di turbine a gas determinazione dei parametri					termofluidodinamici},
		Year	 = {1989}
		}
		
@article{bunker,
		Author	= {Bunker, R. D.},
		Journal = {Journal of Turbomachinery},
		Title 	= {Gas Turbine Heat Transfer: Ten Remaining Hot Gas Path Challenges},
		Pages 	= {193-201},
		Volume 	= {129},
		Year 	= {2006}
		}	
		
@article{winc_and,
		Author 	= {Andrei, L. and Andreini, A. and Facchini, B. and Winchler, L.},
		Journal = {Energy Procedia},
		Title 	= {A decoupled CHT procedure:application and validation on a gas turbine vane with different cooling configuration},
		Pages 	= {1087-1096},
		Volume	= {45},
		Year 	= {2014}
		}	
		
@article{Langston,
		Author 	= {Langston, L. S.},
		Journal = {Journal for Engineering for Power},
		Title 	= {Crossflows in a Turbine Cascade Passage},
		Pages 	= {866-874},
		Volume	= {102(4)},
		Year 	= {1980}
		}	

@article{Thole1,
		Author 	= {Thole, K. A. and Knost, D. G.},
		Journal = {International Journal of Heat and Mass Transfer},
		Title 	= {Heat transfer and film-cooling for the endwall of a first stage turbine vane},
		Pages 	= {5255-5269},
		Volume	= {48},
		Year 	= {2005}
		}

@article{Thole2,
		Author 	= {Thole, K. A. and Knost, D. G.},
		Journal = {ASME TURBO EXPO},
		Title 	= {COMPUTATIONAL PREDICTIONS OF ENDWALL FILM-COOLING FOR A FIRST STAGE VANE},
		Pages 	= {163-173},
		Volume	= {5},
		Year 	= {2003}
		}		
		
@article{Thole3,
		Author 	= {Thole, K. A. and Knost, D. G.},
		Journal = {Journal of Turbomachinery},
		Title 	= {Adiabatic Effectiveness Measurements of Endwall Film-Cooling for a First-Stage Vane},
		Pages 	= {297-305},
		Volume	= {127},
		Year 	= {2005}
		}					
		
@article{Friedrichs,
		Author 	= {Friedrichs, S. and Hodson, H. P. and Dawes, W. N.},
		Journal = {Journal of Turbomachinery},
		Title 	= {The Design of an Improved Endwall Film-Cooling Configuration},
		Pages 	= {772-780},
		Volume	= {121(4)},
		Year 	= {1999}
		}			
		
@phdthesis{jordal,
		Author 	= {Jordal, K.},
		School 	= {Lund University, Sweden, Division of Thermal Power Engineering, Department of Heat and Power Engineering},
		Title 	= {Modeling and Performance of Gas Turbine Cycles with Various Means of Blade Cooling},
		Year 	= {2001}
		}	

@article{carcasci,
		Author 	= {Carcasci, C. and  Facchini, B. and Arcangeli, L. and Cademartori, F. and Abba, L. and Traverso, S.},
		Journal = {59esimo Congresso Nazionale ATI},
		Pages 	= {1503-1511},
		Title 	= {Numerical Prediction of Metal Temperature and Heat Transfer of Gas Turbine Vane},
		Year 	= {2004}
		}
		
@article{kassab,
		Author 	= {Kassab, A. and Divo, E. and Heidmann, J. and Steinthorsson, E. and Rodriguez, F.},
		Journal = {International Journal of Numerical Methods for Heat \& Fluid Flow},
		Title 	= {BEM/FVM conjugate heat transfer analysis of a three-dimensional film cooled turbine blade},
		Pages 	= {581-610},
		Volume 	= {13 (5)},
		Year 	= {2003}
		}

@book{cengel,
		Author 	= {Cengel, Y. A.},
		Publisher = {McGraw-Hill},
		Title 	= {Termodinamica e trasmissione del calore},
		Year 	= {1998}
		}
			
@online{internet_adiabatica,
		title = {Thermopedia},
		year = {2013},
		url = {http://www.thermopedia.com/}
		}

@article{adiabatic_temp,
		Author 	= { Lei, Z. and Ting, W.},
		Journal = {Journal of Turbomachinery},
		Title 	= {An Investigation of Treating Adiabatic Wall Temperature as the Driving Temperature in Film Cooling Studies},
		Volume 	= {134 (6)},
		Year 	= {2012}
		}
		
@online{internet_filmcooling,
		title 	= {Turbine-cooling},
		year 	= {2013},
		url 	= {http://aerospaceengineeringblog.com/turbine-cooling/}
		}			
		
@article{lecu,
		Author 	= {L’Ecuyer, M. R. and Soechting, F. O.},
		Journal = {Heat transfer and cooling in gas turbine},
		Title 	= {A model for correlating flat plate film cooling effectiveness for rows of round holes.},
		Year 	= {1985}
		}


@article{eta_goldstein,
		Author 	= {Goldstein, R. J.},
		Journal = {Advances in Heat Transfer},
		Title 	= {Film Cooling},
		Pages 	= {357-358},
		Volume 	= {7},
		Year 	= {1971}
		}
		
@article{sen,
		Author={Sen, B. and Schmidt, D. L. and Bogard, D. G.},
		Journal = {ASME Journal of Turbomachinery},
		Pages 	= {800–806},
		Title 	= {Film cooling with compound angle holes: Heat transfer},
		Volume 	= {118 (4)},
		Year 	= {1996}
		}							
		
@phdthesis{bonini,
		Author 	= {Bonini, A.},
		School 	= {Università degli Studi di Firenze, Dipartimento di Energetica Sergio Stecco},
		Title 	= {A Decoupled Conjugate Heat Transfer Procedure Involving Flow Network Approach: application to GT blade cooling},
		Year 	= {2011}
		}
		
@article{carc2,
		Author 	= {Carcasci, C. and Facchini, B.},
		Journal = {Revue Générale de Thermique},
		Pages 	= {257–268},
		Title 	= {A numerical procedure to design internal cooling of gas turbine stator blades},
		Volume 	= {35},
		Year 	= {1996}
		}

@thesis{giuntini,
		Author 	= {Giuntini, S.},
		School 	= {Università degli Studi di Firenze,Scuola di Ingegneria},
		Title 	= {Validation of a Decoupled CHT Procedure Applied to a Gas Turbine Vane},
		Year 	= {2013}
		}
		
@article{pedersen,
		Author 	= {Pedersen, D. R. and Eckert, R. G. and Goldstein, R. J.},
		Journal = {Journal of Heat Transfer},
		Title 	= {Film cooling with large density differences between the mainstream and the secondary fluid measured by	the heat-mass transfer analogy},
		Pages 	= {620–627},
		Volume 	= {99 (4)},
		Year 	= {1977}
		}	
		
@article{eta_seller,
		Author 	= {Sellers, J. P.},
		Journal = {AIAA Journal},
		Title 	= {Gaseous film cooling with multiple injection stations},
		Pages 	= {2154–2156},
		Volume 	= {1 (9)},
		Year 	= {1963}
		}	
@phdthesis{andrei,
		Author 	= {Andrei, L.},
		School 	= {Università degli Studi di Firenze, Scuola di Ingegneria, Department of Industrial Engineering of Florence},
		Title	= {Film Cooling Modelling for a Gas Turbine Nozzles and blades: Validation and Application},
		Year 	= {2013}
		}
		
@article{baldauf_schulz,
		Author 	= {Baldauf, S. and Schulz, A. and Wittig, S. and Scheurlen, M.},
		Journal = {Journal of Turbomachinery},
		Title 	= {Correlation of Film-Cooling Effectiveness From Thermographic Measurements at Enginelike Conditions},
		Pages 	= {686-698},
		Volume 	= {124 (4)},
		Year 	= {2002}
		}			

@article{CHT_uni_1IMP,
		Author 	= {Andrei, L. and Andreini, A. and Bonini, A. and Da Soghe, R. and Facchini, B. and Mazzei, L. and Ciani, A. and Innocenti,L.},
		Journal = {Proceedings of 10th European Turbomachinery Conference},
		Title 	= {CHT Analysis of an Industrial Gas Turbine Blade: Comparison between Coupled and Decoupled Procedure and Experimental Data},
		Year 	= {2013}
		}			
		
@article{CHT_uni_2,
		Author 	= {Andreini, A. and Carcasci, C. and Facchini, B. and Ciani, A. and Innocenti, L. and Bonini, A.},
		Journal = {Proceedings of ASME TURBO EXPO},
		Title 	= {Conjugate heat transfer calculations on a GT rotor blade for industrial applications Part I:
		Equivalent internal fluid network setup and procedure description},
		School 	= {"S STECCO" DEPARTMENT OF ENERGY ENGINEERING, UNIVERSITY OF FLORENCE and ADVANCED TECHNOLOGY, GE OIL & GAS},
		Volume 	= {GT2012-69846},
		Year 	= {2012}
		}

@article{C_d,
		Author 	= {Gritsch, M. and Schulz, A. and Wittig, S.},
		Journal = {Journal of Turbomachinery},
		Title 	= {Effect of Crossflows on the Discharge Coefficient of Film Cooling Holes With Varying Angles of Inclination and Orientation},
		Volume 	= {123 (4)},
		Year 	= {2001}
		}		
		
@article{SRBC_zec,
		Author 	= {Zecchi, S. and Arcangeli, L. and Facchini, B. and Coutandin, D.},
		Journal = {Proceedings of ASME Turbo Expo},
		Title 	= {Features of a Cooling System Simulation Tool Used in Industrial Preliminary Design Stage},
		Volume 	= {GT2004-53547},
		Pages	= {493-501},
		Year 	= {2004}
		}
		
@article{C_d2,
		Author 	= {Andreini, A. and Da Soghe, R.},
		Journal = {Journal of Engineering for Gas Turbines and Power},
		Title 	= {Numerical Characterization of Aerodynamic Losses of Jet Arrays for Gas Turbine Applications},
		Volume 	= {134 (5)},
		Year 	= {2012}
		}		
		
