@article{McGeer01041990,
  author = {McGeer, Tad}, 
  title = {\href{http://ijr.sagepub.com/content/9/2/62.abstract}{Passive Dynamic Walking}}, 
  volume = {9}, 
  number = {2}, 
  pages = {62-82}, 
  year = {1990}, 
  doi = {10.1177/027836499000900206}, 
  URL = {http://ijr.sagepub.com/content/9/2/62.abstract}, 
  eprint = {http://ijr.sagepub.com/content/9/2/62.full.pdf+html}, 
  journal = {The International Journal of Robotics Research}
}

@article{kalman1960new,
  title={A new approach to linear filtering and prediction problems},
  author={Kalman, R.E.},
  journal={Journal of Basic Engineering},
  volume={82},
  number={1},
  pages={35--45},
  year={1960},
  publisher={Citeseer}
}

@article{xia2020interactive,
  title={Interactive gibson benchmark: A benchmark for interactive navigation in cluttered environments},
  author={Xia, Fei and Shen, William B and Li, Chengshu and Kasimbeg, Priya and Tchapmi, Micael Edmond and Toshev, Alexander and Mart{\'\i}n-Mart{\'\i}n, Roberto and Savarese, Silvio},
  journal={IEEE Robotics and Automation Letters},
  volume={5},
  number={2},
  pages={713--720},
  year={2020},
  publisher={IEEE}
}

@article{caluwaerts2023barkour,
  title={Barkour: Benchmarking animal-level agility with quadruped robots},
  author={Caluwaerts, Ken and Iscen, Atil and Kew, J Chase and Yu, Wenhao and Zhang, Tingnan and Freeman, Daniel and Lee, Kuang-Huei and Lee, Lisa and Saliceti, Stefano and Zhuang, Vincent and others},
  journal={arXiv preprint arXiv:2305.14654},
  year={2023}
}

@article{durrant2006simultaneous,
  title={Simultaneous localization and mapping: part I},
  author={Durrant-Whyte, Hugh and Bailey, Tim},
  journal={IEEE robotics \& automation magazine},
  volume={13},
  number={2},
  pages={99--110},
  year={2006},
  publisher={IEEE}
}

@article{thrun2002probabilistic,
  title={Probabilistic robotics},
  author={Thrun, Sebastian},
  journal={Communications of the ACM},
  volume={45},
  number={3},
  pages={52--57},
  year={2002},
  publisher={ACM New York, NY, USA}
}

@article{fuentes2015visual,
  title={Visual simultaneous localization and mapping: a survey},
  author={Fuentes-Pacheco, Jorge and Ruiz-Ascencio, Jos{\'e} and Rend{\'o}n-Mancha, Juan Manuel},
  journal={Artificial intelligence review},
  volume={43},
  number={1},
  pages={55--81},
  year={2015},
  publisher={Springer}
}

@inproceedings{engel2014lsd,
  title={LSD-SLAM: Large-scale direct monocular SLAM},
  author={Engel, Jakob and Sch{\"o}ps, Thomas and Cremers, Daniel},
  booktitle={European conference on computer vision},
  pages={834--849},
  year={2014},
  organization={Springer}
}

@article{engel2017direct,
  title={Direct sparse odometry},
  author={Engel, Jakob and Koltun, Vladlen and Cremers, Daniel},
  journal={IEEE transactions on pattern analysis and machine intelligence},
  volume={40},
  number={3},
  pages={611--625},
  year={2017},
  publisher={IEEE}
}

@article{mur2015orb,
  title={ORB-SLAM: a versatile and accurate monocular SLAM system},
  author={Mur-Artal, Raul and Montiel, Jose Maria Martinez and Tardos, Juan D},
  journal={IEEE transactions on robotics},
  volume={31},
  number={5},
  pages={1147--1163},
  year={2015},
  publisher={IEEE}
}

@inproceedings{shen2021igibson,
  title={iGibson 1.0: a simulation environment for interactive tasks in large realistic scenes},
  author={Shen, Bokui and Xia, Fei and Li, Chengshu and Mart{\'\i}n-Mart{\'\i}n, Roberto and Fan, Linxi and Wang, Guanzhi and P{\'e}rez-Dâ€™Arpino, Claudia and Buch, Shyamal and Srivastava, Sanjana and Tchapmi, Lyne and others},
  booktitle={2021 IEEE/RSJ International Conference on Intelligent Robots and Systems (IROS)},
  pages={7520--7527},
  year={2021},
  organization={IEEE}
}

@article{li2021planning,
  title={Planning in learned latent action spaces for generalizable legged locomotion},
  author={Li, Tianyu and Calandra, Roberto and Pathak, Deepak and Tian, Yuandong and Meier, Franziska and Rai, Akshara},
  journal={IEEE Robotics and Automation Letters},
  volume={6},
  number={2},
  pages={2682--2689},
  year={2021},
  publisher={IEEE}
}

@article{ji2022concurrent,
  title={Concurrent Training of a Control Policy and a State Estimator for Dynamic and Robust Legged Locomotion},
  author={Ji, Gwanghyeon and Mun, Juhyeok and Kim, Hyeongjun and Hwangbo, Jemin},
  journal={IEEE Robotics and Automation Letters},
  volume={7},
  number={2},
  pages={4630--4637},
  year={2022},
  publisher={IEEE}
}

@inproceedings{truong2021learning,
  title={Learning navigation skills for legged robots with learned robot embeddings},
  author={Truong, Joanne and Yarats, Denis and Li, Tianyu and Meier, Franziska and Chernova, Sonia and Batra, Dhruv and Rai, Akshara},
  booktitle={2021 IEEE/RSJ International Conference on Intelligent Robots and Systems (IROS)},
  pages={484--491},
  year={2021},
  organization={IEEE}
}

@INPROCEEDINGS{9196777,
  author={Kim, D. and Carballo, D. and Di Carlo, J. and Katz, B. and Bledt, G. and Lim, B. and Kim, S.},
  booktitle={2020 IEEE International Conference on Robotics and Automation (ICRA)}, 
  title={Vision Aided Dynamic Exploration of Unstructured Terrain with a Small-Scale Quadruped Robot}, 
  year={2020},
  volume={},
  number={},
  pages={2464-2470},
  doi={10.1109/ICRA40945.2020.9196777}}
  
@article{miki2022learning,
  title={Learning robust perceptive locomotion for quadrupedal robots in the wild},
  author={Miki, Takahiro and Lee, Joonho and Hwangbo, Jemin and Wellhausen, Lorenz and Koltun, Vladlen and Hutter, Marco},
  journal={Science Robotics},
  volume={7},
  number={62},
  pages={eabk2822},
  year={2022},
  publisher={American Association for the Advancement of Science}
}

@ARTICLE{9779429,
  author={Gangapurwala, Siddhant and Geisert, Mathieu and Orsolino, Romeo and Fallon, Maurice and Havoutis, Ioannis},
  journal={IEEE Transactions on Robotics}, 
  title={RLOC: Terrain-Aware Legged Locomotion Using Reinforcement Learning and Optimal Control}, 
  year={2022},
  volume={},
  number={},
  pages={1-20},
  doi={10.1109/TRO.2022.3172469}}

@ARTICLE{8678400,
  author={Fahmi, Shamel and Mastalli, Carlos and Focchi, Michele and Semini, Claudio},
  journal={IEEE Robotics and Automation Letters}, 
  title={Passive Whole-Body Control for Quadruped Robots: Experimental Validation Over Challenging Terrain}, 
  year={2019},
  volume={4},
  number={3},
  pages={2553-2560},
  doi={10.1109/LRA.2019.2908502}}
  
@INPROCEEDINGS{8793669,
  author={Ding, Yanran and Pandala, Abhishek and Park, Hae-Won},
  booktitle={2019 International Conference on Robotics and Automation (ICRA)}, 
  title={Real-time Model Predictive Control for Versatile Dynamic Motions in Quadrupedal Robots}, 
  year={2019},
  volume={},
  number={},
  pages={8484-8490},
  doi={10.1109/ICRA.2019.8793669}}
  
@article{neunert2018whole,
  title={Whole-body nonlinear model predictive control through contacts for quadrupeds},
  author={Neunert, Michael and St{\"a}uble, Markus and Giftthaler, Markus and Bellicoso, Carmine D and Carius, Jan and Gehring, Christian and Hutter, Marco and Buchli, Jonas},
  journal={IEEE Robotics and Automation Letters},
  volume={3},
  number={3},
  pages={1458--1465},
  year={2018},
  publisher={IEEE}
}

@INPROCEEDINGS{9340701,
  author={Dudzik, Thomas and Chignoli, Matthew and Bledt, Gerardo and Lim, Bryan and Miller, Adam and Kim, Donghyun and Kim, Sangbae},
  booktitle={2020 IEEE/RSJ International Conference on Intelligent Robots and Systems (IROS)}, 
  title={Robust Autonomous Navigation of a Small-Scale Quadruped Robot in Real-World Environments}, 
  year={2020},
  volume={},
  number={},
  pages={3664-3671},
  doi={10.1109/IROS45743.2020.9340701}}

@article{wellhausen2019should,
  title={Where should i walk? predicting terrain properties from images via self-supervised learning},
  author={Wellhausen, Lorenz and Dosovitskiy, Alexey and Ranftl, Ren{\'e} and Walas, Krzysztof and Cadena, Cesar and Hutter, Marco},
  journal={IEEE Robotics and Automation Letters},
  volume={4},
  number={2},
  pages={1509--1516},
  year={2019},
  publisher={IEEE}
}

@article{bonin2008visual,
  title={Visual navigation for mobile robots: A survey},
  author={Bonin-Font, Francisco and Ortiz, Alberto and Oliver, Gabriel},
  journal={Journal of intelligent and robotic systems},
  volume={53},
  number={3},
  pages={263--296},
  year={2008},
  publisher={Springer}
}

@article{kim2019highly,
  title={Highly dynamic quadruped locomotion via whole-body impulse control and model predictive control},
  author={Kim, Donghyun and Di Carlo, Jared and Katz, Benjamin and Bledt, Gerardo and Kim, Sangbae},
  journal={arXiv preprint arXiv:1909.06586},
  year={2019}
}

@article{hwangbo2019learning,
  title={Learning agile and dynamic motor skills for legged robots},
  author={Hwangbo, Jemin and Lee, Joonho and Dosovitskiy, Alexey and Bellicoso, Dario and Tsounis, Vassilios and Koltun, Vladlen and Hutter, Marco},
  journal={Science Robotics},
  volume={4},
  number={26},
  pages={eaau5872},
  year={2019},
  publisher={American Association for the Advancement of Science}
}

@article{lee2020learning,
  title={Learning quadrupedal locomotion over challenging terrain},
  author={Lee, Joonho and Hwangbo, Jemin and Wellhausen, Lorenz and Koltun, Vladlen and Hutter, Marco},
  journal={Science Robotics},
  volume={5},
  number={47},
  pages={eabc5986},
  year={2020},
  publisher={American Association for the Advancement of Science}
}

@article{yang2020multi,
  title={Multi-expert learning of adaptive legged locomotion},
  author={Yang, Chuanyu and Yuan, Kai and Zhu, Qiuguo and Yu, Wanming and Li, Zhibin},
  journal={Science Robotics},
  volume={5},
  number={49},
  pages={eabb2174},
  year={2020},
  publisher={American Association for the Advancement of Science}
}

@article{peng2020learning,
  title={Learning agile robotic locomotion skills by imitating animals},
  author={Peng, Xue Bin and Coumans, Erwin and Zhang, Tingnan and Lee, Tsang-Wei and Tan, Jie and Levine, Sergey},
  journal={arXiv preprint arXiv:2004.00784},
  year={2020}
}

@inproceedings{yu2021visual,
  title={Visual-locomotion: Learning to walk on complex terrains with vision},
  author={Yu, Wenhao and Jain, Deepali and Escontrela, Alejandro and Iscen, Atil and Xu, Peng and Coumans, Erwin and Ha, Sehoon and Tan, Jie and Zhang, Tingnan},
  booktitle={5th Annual Conference on Robot Learning},
  year={2021}
}

@inproceedings{fankhauser2018robust,
  title={Robust rough-terrain locomotion with a quadrupedal robot},
  author={Fankhauser, P{\'e}ter and Bjelonic, Marko and Bellicoso, C Dario and Miki, Takahiro and Hutter, Marco},
  booktitle={2018 IEEE International Conference on Robotics and Automation (ICRA)},
  pages={5761--5768},
  year={2018},
  organization={IEEE}
}

@article{gangapurwala2022rloc,
  title={Rloc: Terrain-aware legged locomotion using reinforcement learning and optimal control},
  author={Gangapurwala, Siddhant and Geisert, Mathieu and Orsolino, Romeo and Fallon, Maurice and Havoutis, Ioannis},
  journal={IEEE Transactions on Robotics},
  year={2022},
  publisher={IEEE}
}

@inproceedings{pfeiffer2017perception,
  title={From perception to decision: A data-driven approach to end-to-end motion planning for autonomous ground robots},
  author={Pfeiffer, Mark and Schaeuble, Michael and Nieto, Juan and Siegwart, Roland and Cadena, Cesar},
  booktitle={2017 IEEE International Conference on Robotics and Automation (ICRA)},
  pages={1527--1533},
  year={2017},
  organization={IEEE}
}

@inproceedings{cetin2019drone,
  title={Drone navigation and avoidance of obstacles through deep reinforcement learning},
  author={Cetin, Ender and Barrado, Cristina and Munoz, Guillem and Macias, Miquel and Pastor, Enric},
  booktitle={2019 IEEE/AIAA 38th Digital Avionics Systems Conference (DASC)},
  pages={1--7},
  year={2019},
  organization={IEEE}
}

@article{wijmans2019dd,
  title={Dd-ppo: Learning near-perfect pointgoal navigators from 2.5 billion frames},
  author={Wijmans, Erik and Kadian, Abhishek and Morcos, Ari and Lee, Stefan and Essa, Irfan and Parikh, Devi and Savva, Manolis and Batra, Dhruv},
  journal={arXiv preprint arXiv:1911.00357},
  year={2019}
}

@inproceedings{zhao2021surprising,
  title={The surprising effectiveness of visual odometry techniques for embodied pointgoal navigation},
  author={Zhao, Xiaoming and Agrawal, Harsh and Batra, Dhruv and Schwing, Alexander G},
  booktitle={Proceedings of the IEEE/CVF International Conference on Computer Vision},
  pages={16127--16136},
  year={2021}
}

@article{pandey2017mobile,
  title={Mobile robot navigation and obstacle avoidance techniques: A review},
  author={Pandey, Anish and Pandey, Shalini and Parhi, DR},
  journal={Int Rob Auto J},
  volume={2},
  number={3},
  pages={00022},
  year={2017}
}

@article{xiang2017posecnn,
author    = {Xiang, Yu and Schmidt, Tanner and Narayanan, Venkatraman and Fox, Dieter},
title     = {PoseCNN: A Convolutional Neural Network for 6D Object Pose Estimation in Cluttered Scenes},
journal   = {arXiv preprint arXiv:1711.00199},
year      = {2017}
}

@inproceedings{fu2022coupling,
  title={Coupling vision and proprioception for navigation of legged robots},
  author={Fu, Zipeng and Kumar, Ashish and Agarwal, Ananye and Qi, Haozhi and Malik, Jitendra and Pathak, Deepak},
  booktitle={Proceedings of the IEEE/CVF Conference on Computer Vision and Pattern Recognition},
  pages={17273--17283},
  year={2022}
}

@article{anderson2018evaluation,
  title={On evaluation of embodied navigation agents},
  author={Anderson, Peter and Chang, Angel and Chaplot, Devendra Singh and Dosovitskiy, Alexey and Gupta, Saurabh and Koltun, Vladlen and Kosecka, Jana and Malik, Jitendra and Mottaghi, Roozbeh and Savva, Manolis and others},
  journal={arXiv preprint arXiv:1807.06757},
  year={2018}
}

@article{schulman2017proximal,
  title={Proximal policy optimization algorithms},
  author={Schulman, John and Wolski, Filip and Dhariwal, Prafulla and Radford, Alec and Klimov, Oleg},
  journal={arXiv preprint arXiv:1707.06347},
  year={2017}
}

@inproceedings{liang2018rllib,
  title={RLlib: Abstractions for distributed reinforcement learning},
  author={Liang, Eric and Liaw, Richard and Nishihara, Robert and Moritz, Philipp and Fox, Roy and Goldberg, Ken and Gonzalez, Joseph and Jordan, Michael and Stoica, Ion},
  booktitle={International Conference on Machine Learning},
  pages={3053--3062},
  year={2018},
  organization={PMLR}
}

@inproceedings{he2016deep,
  title={Deep residual learning for image recognition},
  author={He, Kaiming and Zhang, Xiangyu and Ren, Shaoqing and Sun, Jian},
  booktitle={Proceedings of the IEEE conference on computer vision and pattern recognition},
  pages={770--778},
  year={2016}
}

@inproceedings{dudzik2020robust,
  title={Robust autonomous navigation of a small-scale quadruped robot in real-world environments},
  author={Dudzik, Thomas and Chignoli, Matthew and Bledt, Gerardo and Lim, Bryan and Miller, Adam and Kim, Donghyun and Kim, Sangbae},
  booktitle={2020 IEEE/RSJ International Conference on Intelligent Robots and Systems (IROS)},
  pages={3664--3671},
  year={2020},
  organization={IEEE}
}

@article{coumans2016pybullet,
  title={Pybullet, a python module for physics simulation for games, robotics and machine learning},
  author={Coumans, Erwin and Bai, Yunfei},
  year={2016}
}

@article{semini2010hyq,
  title={HyQ-design and development of a hydraulically actuated quadruped robot},
  author={Semini, Claudio},
  journal={Doctor of Philosophy (Ph. D.), University of Genoa, Italy},
  year={2010},
  publisher={Citeseer}
}

@inproceedings{bansal2020combining,
  title={Combining optimal control and learning for visual navigation in novel environments},
  author={Bansal, Somil and Tolani, Varun and Gupta, Saurabh and Malik, Jitendra and Tomlin, Claire},
  booktitle={Conference on Robot Learning},
  pages={420--429},
  year={2020},
  organization={PMLR}
}

@article{hoeller2021learning,
  title={Learning a state representation and navigation in cluttered and dynamic environments},
  author={Hoeller, David and Wellhausen, Lorenz and Farshidian, Farbod and Hutter, Marco},
  journal={IEEE Robotics and Automation Letters},
  volume={6},
  number={3},
  pages={5081--5088},
  year={2021},
  publisher={IEEE}
}

@article{villarreal2019fast,
  title={Fast and continuous foothold adaptation for dynamic locomotion through convolutional neural networks},
  author={Villarreal, O and Barasuol, V and Camurri, M and Focchi, M and Franceschi, L and Pontil, M and Caldwell, DG and Semini, C},
  journal={IEEE Robotics and Automation Letters (RA-L)},
  year={2019}
}

@article{xie2021glide,
  title={Glide: Generalizable quadrupedal locomotion in diverse environments with a centroidal model},
  author={Xie, Zhaoming and Da, Xingye and Babich, Buck and Garg, Animesh and van de Panne, Michiel},
  journal={arXiv preprint arXiv:2104.09771},
  year={2021}
}

@inproceedings{agrawal2022vision,
  title={Vision-aided dynamic quadrupedal locomotion on discrete terrain using motion libraries},
  author={Agrawal, Ayush and Chen, Shuxiao and Rai, Akshara and Sreenath, Koushil},
  booktitle={2022 International Conference on Robotics and Automation (ICRA)},
  pages={4708--4714},
  year={2022},
  organization={IEEE}
}

@article{cheng2023extreme,
  title={Extreme Parkour with Legged Robots},
  author={Cheng, Xuxin and Shi, Kexin and Agarwal, Ananye and Pathak, Deepak},
  journal={arXiv preprint arXiv:2309.14341},
  year={2023}
}

@article{zhuang2023robot,
  title={Robot parkour learning},
  author={Zhuang, Ziwen and Fu, Zipeng and Wang, Jianren and Atkeson, Christopher and Schwertfeger, Soeren and Finn, Chelsea and Zhao, Hang},
  journal={arXiv preprint arXiv:2309.05665},
  year={2023}
}

@inproceedings{erni2023mem,
  title={MEM: Multi-Modal Elevation Mapping for Robotics and Learning},
  author={Erni, Gian and Frey, Jonas and Miki, Takahiro and Mattamala, Matias and Hutter, Marco},
  booktitle={2023 IEEE/RSJ International Conference on Intelligent Robots and Systems (IROS)},
  pages={11011--11018},
  year={2023},
  organization={IEEE}
}

@article{ewen2022these,
  title={These Maps are Made for Walking: Real-Time Terrain Property Estimation for Mobile Robots},
  author={Ewen, Parker and Li, Adam and Chen, Yuxin and Hong, Steven and Vasudevan, Ram},
  journal={IEEE Robotics and Automation Letters},
  volume={7},
  number={3},
  pages={7083--7090},
  year={2022},
  publisher={IEEE}
}

@article{gan2022multitask,
  title={Multitask learning for scalable and dense multilayer bayesian map inference},
  author={Gan, Lu and Kim, Youngji and Grizzle, Jessy W and Walls, Jeffrey M and Kim, Ayoung and Eustice, Ryan M and Ghaffari, Maani},
  journal={IEEE Transactions on Robotics},
  volume={39},
  number={1},
  pages={699--717},
  year={2022},
  publisher={IEEE}
}

@article{guan2022ga,
  title={Ga-nav: Efficient terrain segmentation for robot navigation in unstructured outdoor environments},
  author={Guan, Tianrui and Kothandaraman, Divya and Chandra, Rohan and Sathyamoorthy, Adarsh Jagan and Weerakoon, Kasun and Manocha, Dinesh},
  journal={IEEE Robotics and Automation Letters},
  volume={7},
  number={3},
  pages={8138--8145},
  year={2022},
  publisher={IEEE}
}

@article{frey2023fast,
  title={Fast Traversability Estimation for Wild Visual Navigation},
  author={Frey, Jonas and Mattamala, Matias and Chebrolu, Nived and Cadena, Cesar and Fallon, Maurice and Hutter, Marco},
  journal={arXiv preprint arXiv:2305.08510},
  year={2023}
}

@inproceedings{yao2022rca,
  title={Rca: Ride comfort-aware visual navigation via self-supervised learning},
  author={Yao, Xinjie and Zhang, Ji and Oh, Jean},
  booktitle={2022 IEEE/RSJ International Conference on Intelligent Robots and Systems (IROS)},
  pages={7847--7852},
  year={2022},
  organization={IEEE}
}

@inproceedings{agarwal2023legged,
  title={Legged locomotion in challenging terrains using egocentric vision},
  author={Agarwal, Ananye and Kumar, Ashish and Malik, Jitendra and Pathak, Deepak},
  booktitle={Conference on Robot Learning},
  pages={403--415},
  year={2023},
  organization={PMLR}
}

@article{kumar2021rma,
  title={Rma: Rapid motor adaptation for legged robots},
  author={Kumar, Ashish and Fu, Zipeng and Pathak, Deepak and Malik, Jitendra},
  journal={arXiv preprint arXiv:2107.04034},
  year={2021}
}


@article{hoeller2023anymal,
  title={ANYmal Parkour: Learning Agile Navigation for Quadrupedal Robots},
  author={Hoeller, David and Rudin, Nikita and Sako, Dhionis and Hutter, Marco},
  journal={arXiv preprint arXiv:2306.14874},
  year={2023}
}

@article{zhang2023learning,
  title={Learning Agile Locomotion on Risky Terrains},
  author={Zhang, Chong and Rudin, Nikita and Hoeller, David and Hutter, Marco},
  journal={arXiv preprint arXiv:2311.10484},
  year={2023}
}

@inproceedings{kareer2023vinl,
  title={Vinl: Visual navigation and locomotion over obstacles},
  author={Kareer, Simar and Yokoyama, Naoki and Batra, Dhruv and Ha, Sehoon and Truong, Joanne},
  booktitle={2023 IEEE International Conference on Robotics and Automation (ICRA)},
  pages={2018--2024},
  year={2023},
  organization={IEEE}
}

@inproceedings{rudin2022advanced,
  title={Advanced Skills by Learning Locomotion and Local Navigation End-to-End},
  author={Rudin, Nikita and Hoeller, David and Bjelonic, Marko and Hutter, Marco},
  booktitle={2022 IEEE/RSJ International Conference on Intelligent Robots and Systems (IROS)},
  pages={2497--2503},
  year={2022},
  organization={IEEE}
}

@inproceedings{zhang2024resilient,
  title={Resilient Legged Local Navigation: Learning to Traverse with Compromised Perception End-to-End},
  author={Zhang, Chong and Jin, Jin and Frey, Jonas and Rudin, Nikita and Mattamala Aravena, Matias Eduardo and Cadena, Cesar and Hutter, Marco},
  booktitle={41st IEEE Conference on Robotics and Automation (ICRA 2024)},
  year={2024}
}

@article{muller2005off,
  title={Off-road obstacle avoidance through end-to-end learning},
  author={Muller, Urs and Ben, Jan and Cosatto, Eric and Flepp, Beat and Cun, Yann},
  journal={Advances in neural information processing systems},
  volume={18},
  year={2005}
}

@article{bojarski2016end,
  title={End to end learning for self-driving cars},
  author={Bojarski, Mariusz and Del Testa, Davide and Dworakowski, Daniel and Firner, Bernhard and Flepp, Beat and Goyal, Prasoon and Jackel, Lawrence D and Monfort, Mathew and Muller, Urs and Zhang, Jiakai and others},
  journal={arXiv preprint arXiv:1604.07316},
  year={2016}
}

@inproceedings{cordts2016cityscapes,
  title={The cityscapes dataset for semantic urban scene understanding},
  author={Cordts, Marius and Omran, Mohamed and Ramos, Sebastian and Rehfeld, Timo and Enzweiler, Markus and Benenson, Rodrigo and Franke, Uwe and Roth, Stefan and Schiele, Bernt},
  booktitle={Proceedings of the IEEE conference on computer vision and pattern recognition},
  pages={3213--3223},
  year={2016}
}

@article{abu2018augmented,
  title={Augmented reality meets computer vision: Efficient data generation for urban driving scenes},
  author={Abu Alhaija, Hassan and Mustikovela, Siva Karthik and Mescheder, Lars and Geiger, Andreas and Rother, Carsten},
  journal={International Journal of Computer Vision},
  volume={126},
  pages={961--972},
  year={2018},
  publisher={Springer}
}

@article{roth2023viplanner,
  title={ViPlanner: Visual Semantic Imperative Learning for Local Navigation},
  author={Roth, Pascal and Nubert, Julian and Yang, Fan and Mittal, Mayank and Hutter, Marco},
  journal={arXiv preprint arXiv:2310.00982},
  year={2023}
}

@article{cai2023evora,
  title={EVORA: Deep Evidential Traversability Learning for Risk-Aware Off-Road Autonomy},
  author={Cai, Xiaoyi and Ancha, Siddharth and Sharma, Lakshay and Osteen, Philip R and Bucher, Bernadette and Phillips, Stephen and Wang, Jiuguang and Everett, Michael and Roy, Nicholas and How, Jonathan P},
  journal={arXiv preprint arXiv:2311.06234},
  year={2023}
}


@article{jung2023v,
  title={V-STRONG: Visual Self-Supervised Traversability Learning for Off-road Navigation},
  author={Jung, Sanghun and Lee, JoonHo and Meng, Xiangyun and Boots, Byron and Lambert, Alexander},
  journal={arXiv preprint arXiv:2312.16016},
  year={2023}
}

@inproceedings{karnan2023sterling,
  title={STERLING: Self-Supervised Terrain Representation Learning from Unconstrained Robot Experience},
  author={Karnan, Haresh and Yang, Elvin and Farkash, Daniel and Warnell, Garrett and Biswas, Joydeep and Stone, Peter},
  booktitle={Conference on Robot Learning},
  pages={2393--2413},
  year={2023},
  organization={PMLR}
}

@article{elnoor2023pronav,
  title={Pronav: Proprioceptive traversability estimation for autonomous legged robot navigation in outdoor environments},
  author={Elnoor, Mohamed and Sathyamoorthy, Adarsh Jagan and Weerakoon, Kasun and Manocha, Dinesh},
  journal={arXiv preprint arXiv:2307.09754},
  year={2023}
}

@article{karnan2023wait,
  title={Wait, That Feels Familiar: Learning to Extrapolate Human Preferences for Preference Aligned Path Planning},
  author={Karnan, Haresh and Yang, Elvin and Warnell, Garrett and Biswas, Joydeep and Stone, Peter},
  journal={arXiv preprint arXiv:2309.09912},
  year={2023}
}

@article{margolis2023learning,
  title={Learning to See Physical Properties with Active Sensing Motor Policies},
  author={Margolis, Gabriel B and Fu, Xiang and Ji, Yandong and Agrawal, Pulkit},
  journal={arXiv preprint arXiv:2311.01405},
  year={2023}
}

@article{fu2021minimizing,
  title={Minimizing energy consumption leads to the emergence of gaits in legged robots},
  author={Fu, Zipeng and Kumar, Ashish and Malik, Jitendra and Pathak, Deepak},
  journal={arXiv preprint arXiv:2111.01674},
  year={2021}
}

@article{wang2019aleatoric,
  title={Aleatoric uncertainty estimation with test-time augmentation for medical image segmentation with convolutional neural networks},
  author={Wang, Guotai and Li, Wenqi and Aertsen, Michael and Deprest, Jan and Ourselin, S{\'e}bastien and Vercauteren, Tom},
  journal={Neurocomputing},
  volume={338},
  pages={34--45},
  year={2019},
  publisher={Elsevier}
}

@article{mur2017orb,
  title={Orb-slam2: An open-source slam system for monocular, stereo, and rgb-d cameras},
  author={Mur-Artal, Raul and Tard{\'o}s, Juan D},
  journal={IEEE transactions on robotics},
  volume={33},
  number={5},
  pages={1255--1262},
  year={2017},
  publisher={IEEE}
}

@inproceedings{wigness2019rugd,
  title={A rugd dataset for autonomous navigation and visual perception in unstructured outdoor environments},
  author={Wigness, Maggie and Eum, Sungmin and Rogers, John G and Han, David and Kwon, Heesung},
  booktitle={2019 IEEE/RSJ International Conference on Intelligent Robots and Systems (IROS)},
  pages={5000--5007},
  year={2019},
  organization={IEEE}
}

@article{jenelten2024dtc,
  title={DTC: Deep Tracking Control},
  author={Jenelten, Fabian and He, Junzhe and Farshidian, Farbod and Hutter, Marco},
  journal={Science Robotics},
  volume={9},
  number={86},
  pages={eadh5401},
  year={2024},
  publisher={American Association for the Advancement of Science}
}

@article{meng2023terrainnet,
  title={TerrainNet: Visual Modeling of Complex Terrain for High-speed, Off-road Navigation},
  author={Meng, Xiangyun and Hatch, Nathan and Lambert, Alexander and Li, Anqi and Wagener, Nolan and Schmittle, Matthew and Lee, JoonHo and Yuan, Wentao and Chen, Zoey and Deng, Samuel and others},
  journal={arXiv preprint arXiv:2303.15771},
  year={2023}
}

@article{yang2021learning,
  title={Learning vision-guided quadrupedal locomotion end-to-end with cross-modal transformers},
  author={Yang, Ruihan and Zhang, Minghao and Hansen, Nicklas and Xu, Huazhe and Wang, Xiaolong},
  journal={arXiv preprint arXiv:2107.03996},
  year={2021}
}

@article{he2024agile,
  title={Agile But Safe: Learning Collision-Free High-Speed Legged Locomotion},
  author={He, Tairan and Zhang, Chong and Xiao, Wenli and He, Guanqi and Liu, Changliu and Shi, Guanya},
  journal={arXiv preprint arXiv:2401.17583},
  year={2024}
}

@article{frey2024roadrunner,
  title={RoadRunner--Learning Traversability Estimation for Autonomous Off-road Driving},
  author={Frey, Jonas and Khattak, Shehryar and Patel, Manthan and Atha, Deegan and Nubert, Julian and Padgett, Curtis and Hutter, Marco and Spieler, Patrick},
  journal={arXiv preprint arXiv:2402.19341},
  year={2024}
}

@inproceedings{viswanath2021offseg,
  title={Offseg: A semantic segmentation framework for off-road driving},
  author={Viswanath, Kasi and Singh, Kartikeya and Jiang, Peng and Sujit, PB and Saripalli, Srikanth},
  booktitle={2021 IEEE 17th international conference on automation science and engineering (CASE)},
  pages={354--359},
  year={2021},
  organization={IEEE}
}

@article{fan2021step,
  title={Step: Stochastic traversability evaluation and planning for risk-aware off-road navigation},
  author={Fan, David D and Otsu, Kyohei and Kubo, Yuki and Dixit, Anushri and Burdick, Joel and Agha-Mohammadi, Ali-Akbar},
  journal={arXiv preprint arXiv:2103.02828},
  year={2021}
}