@article{pan2021neural,
  title={Neural link prediction with walk pooling},
  author={Pan, Liming and Shi, Cheng and Dokmani{\'c}, Ivan},
  journal={arXiv preprint arXiv:2110.04375},
  year={2021}
}

@article{zhang2018link,
  title={Link prediction based on graph neural networks},
  author={Zhang, Muhan and Chen, Yixin},
  journal={Advances in neural information processing systems},
  volume={31},
  year={2018}
}

@article{adamic2003friends,
  title={Friends and neighbors on the web},
  author={Adamic, Lada A and Adar, Eytan},
  journal={Social networks},
  volume={25},
  number={3},
  pages={211--230},
  year={2003},
  publisher={Elsevier}
}

@article{kovacs2019network,
  title={Network-based prediction of protein interactions},
  author={Kov{\'a}cs, Istv{\'a}n A and Luck, Katja and Spirohn, Kerstin and Wang, Yang and Pollis, Carl and Schlabach, Sadie and Bian, Wenting and Kim, Dae-Kyum and Kishore, Nishka and Hao, Tong and others},
  journal={Nature communications},
  volume={10},
  number={1},
  pages={1240},
  year={2019},
  publisher={Nature Publishing Group UK London}
}

@article{stanfield2017drug,
  title={Drug response prediction as a link prediction problem},
  author={Stanfield, Zachary and Co{\c{s}}kun, Mustafa and Koyut{\"u}rk, Mehmet},
  journal={Scientific reports},
  volume={7},
  number={1},
  pages={40321},
  year={2017},
  publisher={Nature Publishing Group UK London}
}

@article{brockmann2022supply,
  title={Supply Chain Link Prediction on Uncertain Knowledge Graph},
  author={Brockmann, Nils and Elson Kosasih, Edward and Brintrup, Alexandra},
  journal={ACM SIGKDD Explorations Newsletter},
  volume={24},
  number={2},
  pages={124--130},
  year={2022},
  publisher={ACM New York, NY, USA}
}

@article{lu2011link,
  title={Link prediction in complex networks: A survey},
  author={L{\"u}, Linyuan and Zhou, Tao},
  journal={Physica A: statistical mechanics and its applications},
  volume={390},
  number={6},
  pages={1150--1170},
  year={2011},
  publisher={Elsevier}
}

@article{barabasi1999emergence,
  title={Emergence of scaling in random networks},
  author={Barab{\'a}si, Albert-L{\'a}szl{\'o} and Albert, R{\'e}ka},
  journal={science},
  volume={286},
  number={5439},
  pages={509--512},
  year={1999},
  publisher={American Association for the Advancement of Science}
}

@article{zhou2009predicting,
  title={Predicting missing links via local information},
  author={Zhou, Tao and L{\"u}, Linyuan and Zhang, Yi-Cheng},
  journal={The European Physical Journal B},
  volume={71},
  pages={623--630},
  year={2009},
  publisher={Springer}
}

@article{brin2012reprint,
  title={Reprint of: The anatomy of a large-scale hypertextual web search engine},
  author={Brin, Sergey and Page, Lawrence},
  journal={Computer networks},
  volume={56},
  number={18},
  pages={3825--3833},
  year={2012},
  publisher={Elsevier}
}

@inproceedings{jeh2002simrank,
  title={Simrank: a measure of structural-context similarity},
  author={Jeh, Glen and Widom, Jennifer},
  booktitle={Proceedings of the eighth ACM SIGKDD international conference on Knowledge discovery and data mining},
  pages={538--543},
  year={2002}
}

@article{koren2009matrix,
  title={Matrix factorization techniques for recommender systems},
  author={Koren, Yehuda and Bell, Robert and Volinsky, Chris},
  journal={Computer},
  volume={42},
  number={8},
  pages={30--37},
  year={2009},
  publisher={IEEE}
}

@inproceedings{perozzi2014deepwalk,
  title={Deepwalk: Online learning of social representations},
  author={Perozzi, Bryan and Al-Rfou, Rami and Skiena, Steven},
  booktitle={Proceedings of the 20th ACM SIGKDD international conference on Knowledge discovery and data mining},
  pages={701--710},
  year={2014}
}

@inproceedings{grover2016node2vec,
  title={node2vec: Scalable feature learning for networks},
  author={Grover, Aditya and Leskovec, Jure},
  booktitle={Proceedings of the 22nd ACM SIGKDD international conference on Knowledge discovery and data mining},
  pages={855--864},
  year={2016}
}

@inproceedings{tang2015line,
  title={Line: Large-scale information network embedding},
  author={Tang, Jian and Qu, Meng and Wang, Mingzhe and Zhang, Ming and Yan, Jun and Mei, Qiaozhu},
  booktitle={Proceedings of the 24th international conference on world wide web},
  pages={1067--1077},
  year={2015}
}

@article{kipf2016variational,
  title={Variational graph auto-encoders},
  author={Kipf, Thomas N and Welling, Max},
  journal={arXiv preprint arXiv:1611.07308},
  year={2016}
}

@article{yun2021neo,
  title={Neo-gnns: Neighborhood overlap-aware graph neural networks for link prediction},
  author={Yun, Seongjun and Kim, Seoyoon and Lee, Junhyun and Kang, Jaewoo and Kim, Hyunwoo J},
  journal={Advances in Neural Information Processing Systems},
  volume={34},
  pages={13683--13694},
  year={2021}
}

@article{mavromatis2020graph,
  title={Graph infoclust: Leveraging cluster-level node information for unsupervised graph representation learning},
  author={Mavromatis, Costas and Karypis, George},
  journal={arXiv preprint arXiv:2009.06946},
  year={2020}
}

@inproceedings{yan2021link,
  title={Link prediction with persistent homology: An interactive view},
  author={Yan, Zuoyu and Ma, Tengfei and Gao, Liangcai and Tang, Zhi and Chen, Chao},
  booktitle={International conference on machine learning},
  pages={11659--11669},
  year={2021},
  organization={PMLR}
}

@article{zhang2020revisiting,
  title={Revisiting graph neural networks for link prediction},
  author={Zhang, Muhan and Li, Pan and Xia, Yinglong and Wang, Kai and Jin, Long},
  year={2020}
}

@article{adams2017persistence,
  title={Persistence images: A stable vector representation of persistent homology},
  author={Adams, Henry and Emerson, Tegan and Kirby, Michael and Neville, Rachel and Peterson, Chris and Shipman, Patrick and Chepushtanova, Sofya and Hanson, Eric and Motta, Francis and Ziegelmeier, Lori},
  journal={Journal of Machine Learning Research},
  volume={18},
  year={2017}
}

@article{katz1953new,
  title={A new status index derived from sociometric analysis},
  author={Katz, Leo},
  journal={Psychometrika},
  volume={18},
  number={1},
  pages={39--43},
  year={1953},
  publisher={Springer}
}

@article{brin1998anatomy,
  title={The anatomy of a large-scale hypertextual web search engine},
  author={Brin, Sergey and Page, Lawrence},
  journal={Computer networks and ISDN systems},
  volume={30},
  number={1-7},
  pages={107--117},
  year={1998},
  publisher={Elsevier}
}

@article{shervashidze2011weisfeiler,
  title={Weisfeiler-lehman graph kernels.},
  author={Shervashidze, Nino and Schweitzer, Pascal and Van Leeuwen, Erik Jan and Mehlhorn, Kurt and Borgwardt, Karsten M},
  journal={Journal of Machine Learning Research},
  volume={12},
  number={9},
  year={2011}
}

@inproceedings{zhang2017weisfeiler,
  title={Weisfeiler-lehman neural machine for link prediction},
  author={Zhang, Muhan and Chen, Yixin},
  booktitle={Proceedings of the 23rd ACM SIGKDD international conference on knowledge discovery and data mining},
  pages={575--583},
  year={2017}
}

@article{tang2011leveraging,
  title={Leveraging social media networks for classification},
  author={Tang, Lei and Liu, Huan},
  journal={Data Mining and Knowledge Discovery},
  volume={23},
  pages={447--478},
  year={2011},
  publisher={Springer}
}

@article{newman2006finding,
  title={Finding community structure in networks using the eigenvectors of matrices},
  author={Newman, Mark EJ},
  journal={Physical review E},
  volume={74},
  number={3},
  pages={036104},
  year={2006},
  publisher={APS}
}

@inproceedings{ackland2005mapping,
  title={Mapping the US political blogosphere: Are conservative bloggers more prominent?},
  author={Ackland, Robert and others},
  booktitle={BlogTalk Downunder 2005 Conference, Sydney},
  year={2005},
  organization={BlogTalk Downunder 2005 Conference, Sydney}
}

@article{von2002comparative,
  title={Comparative assessment of large-scale data sets of protein--protein interactions},
  author={Von Mering, Christian and Krause, Roland and Snel, Berend and Cornell, Michael and Oliver, Stephen G and Fields, Stanley and Bork, Peer},
  journal={Nature},
  volume={417},
  number={6887},
  pages={399--403},
  year={2002},
  publisher={Nature Publishing Group UK London}
}

@article{watts1998collective,
  title={Collective dynamics of ‘small-world’networks},
  author={Watts, Duncan J and Strogatz, Steven H},
  journal={nature},
  volume={393},
  number={6684},
  pages={440--442},
  year={1998},
  publisher={Nature Publishing Group}
}

@article{spring2002measuring,
  title={Measuring ISP topologies with Rocketfuel},
  author={Spring, Neil and Mahajan, Ratul and Wetherall, David},
  journal={ACM SIGCOMM Computer Communication Review},
  volume={32},
  number={4},
  pages={133--145},
  year={2002},
  publisher={ACM New York, NY, USA}
}

@inproceedings{zhang2018beyond,
  title={Beyond link prediction: Predicting hyperlinks in adjacency space},
  author={Zhang, Muhan and Cui, Zhicheng and Jiang, Shali and Chen, Yixin},
  booktitle={Proceedings of the AAAI Conference on Artificial Intelligence},
  volume={32},
  number={1},
  year={2018}
}

@article{horn2021topological,
  title={Topological graph neural networks},
  author={Horn, Max and De Brouwer, Edward and Moor, Michael and Moreau, Yves and Rieck, Bastian and Borgwardt, Karsten},
  journal={arXiv preprint arXiv:2102.07835},
  year={2021}
}

@article{ye2023treph,
  title={TREPH: A Plug-In Topological Layer for Graph Neural Networks},
  author={Ye, Xue and Sun, Fang and Xiang, Shiming},
  journal={Entropy},
  volume={25},
  number={2},
  pages={331},
  year={2023},
  publisher={MDPI}
}

@inproceedings{carriere2020perslay,
  title={Perslay: A neural network layer for persistence diagrams and new graph topological signatures},
  author={Carri{\`e}re, Mathieu and Chazal, Fr{\'e}d{\'e}ric and Ike, Yuichi and Lacombe, Th{\'e}o and Royer, Martin and Umeda, Yuhei},
  booktitle={International Conference on Artificial Intelligence and Statistics},
  pages={2786--2796},
  year={2020},
  organization={PMLR}
}

@article{taiwo2024explaining,
  title={Explaining the Power of Topological Data Analysis in Graph Machine Learning},
  author={Taiwo, Funmilola Mary and Islambekov, Umar and Akcora, Cuneyt Gurcan},
  journal={arXiv preprint arXiv:2401.04250},
  year={2024}
}

@article{chen2021topological,
  title={Topological relational learning on graphs},
  author={Chen, Yuzhou and Coskunuzer, Baris and Gel, Yulia},
  journal={Advances in neural information processing systems},
  volume={34},
  pages={27029--27042},
  year={2021}
}

@inproceedings{zhao2020persistence,
  title={Persistence enhanced graph neural network},
  author={Zhao, Qi and Ye, Ze and Chen, Chao and Wang, Yusu},
  booktitle={International Conference on Artificial Intelligence and Statistics},
  pages={2896--2906},
  year={2020},
  organization={PMLR}
}

@article{wen2024tensor,
  title={Tensor-view Topological Graph Neural Network},
  author={Wen, Tao and Chen, Elynn and Chen, Yuzhou},
  journal={arXiv preprint arXiv:2401.12007},
  year={2024}
}

@article{immonen2024going,
  title={Going beyond persistent homology using persistent homology},
  author={Immonen, Johanna and Souza, Amauri and Garg, Vikas},
  journal={Advances in Neural Information Processing Systems},
  volume={36},
  year={2024}
}

@article{ying2024boosting,
  title={Boosting Graph Pooling with Persistent Homology},
  author={Ying, Chaolong and Zhao, Xinjian and Yu, Tianshu},
  journal={arXiv preprint arXiv:2402.16346},
  year={2024}
}

@article{zhao2019learning,
  title={Learning metrics for persistence-based summaries and applications for graph classification},
  author={Zhao, Qi and Wang, Yusu},
  journal={Advances in Neural Information Processing Systems},
  volume={32},
  year={2019}
}

@misc{batagelj2006pajek,
  title={Pajek datasets},
  author={Batagelj, Vladimir and Mrvar, Andrej},
  year={2006},
  howpublished={\url{http://vlado.fmf.uni-lj.si/pub/networks/data/}}
}

@article{yao2016link,
  title={Link prediction based on common-neighbors for dynamic social network},
  author={Yao, Lin and Wang, Luning and Pan, Lv and Yao, Kai},
  journal={Procedia Computer Science},
  volume={83},
  pages={82--89},
  year={2016},
  publisher={Elsevier}
}

@inproceedings{fire2011link,
  title={Link prediction in social networks using computationally efficient topological features},
  author={Fire, Michael and Tenenboim, Lena and Lesser, Ofrit and Puzis, Rami and Rokach, Lior and Elovici, Yuval},
  booktitle={2011 IEEE third international conference on privacy, security, risk and trust and 2011 IEEE third international conference on social computing},
  pages={73--80},
  year={2011},
  organization={IEEE}
}

@article{kazemi2018simple,
  title={Simple embedding for link prediction in knowledge graphs},
  author={Kazemi, Seyed Mehran and Poole, David},
  journal={Advances in neural information processing systems},
  volume={31},
  year={2018}
}

@article{nayyeri2021link,
  title={Link prediction of weighted triples for knowledge graph completion within the scholarly domain},
  author={Nayyeri, Mojtaba and Cil, G{\"o}kce M{\"u}ge and Vahdati, Sahar and Osborne, Francesco and Kravchenko, Andrey and Angioni, Simone and Salatino, Angelo and Recupero, Diego Reforgiato and Motta, Enrico and Lehmann, Jens},
  journal={Ieee Access},
  volume={9},
  pages={116002--116014},
  year={2021},
  publisher={IEEE}
}

@article{nasiri2021novel,
  title={A novel link prediction algorithm for protein-protein interaction networks by attributed graph embedding},
  author={Nasiri, Elahe and Berahmand, Kamal and Rostami, Mehrdad and Dabiri, Mohammad},
  journal={Computers in Biology and Medicine},
  volume={137},
  pages={104772},
  year={2021},
  publisher={Elsevier}
}

@article{lei2013novel,
  title={A novel link prediction algorithm for reconstructing protein--protein interaction networks by topological similarity},
  author={Lei, Chengwei and Ruan, Jianhua},
  journal={Bioinformatics},
  volume={29},
  number={3},
  pages={355--364},
  year={2013},
  publisher={Oxford University Press}
}

@article{brintrup2018predicting,
  title={Predicting hidden links in supply networks},
  author={Brintrup, Alexandra and Wichmann, Pascal and Woodall, Philip and McFarlane, Duncan and Nicks, Eric and Krechel, W},
  journal={Complexity},
  volume={2018},
  pages={1--12},
  year={2018},
  publisher={Hindawi Limited}
}

@inproceedings{huber2021persistent,
  title={Persistent homology in data science},
  author={Huber, Stefan},
  booktitle={Data Science--Analytics and Applications: Proceedings of the 3rd International Data Science Conference--iDSC2020},
  pages={81--88},
  year={2021},
  organization={Springer}
}

@book{dey2022computational,
  title={Computational topology for data analysis},
  author={Dey, Tamal Krishna and Wang, Yusu},
  year={2022},
  publisher={Cambridge University Press}
}

@article{mccallum2000automating,
  title={Automating the construction of internet portals with machine learning},
  author={McCallum, Andrew Kachites and Nigam, Kamal and Rennie, Jason and Seymore, Kristie},
  journal={Information Retrieval},
  volume={3},
  pages={127--163},
  year={2000},
  publisher={Springer}
}

@inproceedings{giles1998citeseer,
  title={CiteSeer: An automatic citation indexing system},
  author={Giles, C Lee and Bollacker, Kurt D and Lawrence, Steve},
  booktitle={Proceedings of the third ACM conference on Digital libraries},
  pages={89--98},
  year={1998}
}

@inproceedings{namata2012query,
  title={Query-driven active surveying for collective classification},
  author={Namata, Galileo and London, Ben and Getoor, Lise and Huang, Bert and Edu, U},
  booktitle={10th international workshop on mining and learning with graphs},
  volume={8},
  pages={1},
  year={2012}
}

@article{edelsbrunner2002topological,
  title={Topological persistence and simplification},
  author={Edelsbrunner and Letscher and Zomorodian},
  journal={Discrete \& computational geometry},
  volume={28},
  pages={511--533},
  year={2002},
  publisher={Springer}
}

@article{vietoris1927hoheren,
  title={{\"U}ber den h{\"o}heren Zusammenhang kompakter R{\"a}ume und eine Klasse von zusammenhangstreuen Abbildungen},
  author={Vietoris, Leopold},
  journal={Mathematische Annalen},
  volume={97},
  number={1},
  pages={454--472},
  year={1927},
  publisher={Springer}
}

@incollection{gromov1987hyperbolic,
  title={Hyperbolic groups},
  author={Gromov, Mikhael},
  booktitle={Essays in group theory},
  pages={75--263},
  year={1987},
  publisher={Springer}
}

@article{nickel2014reducing,
  title={Reducing the rank in relational factorization models by including observable patterns},
  author={Nickel, Maximilian and Jiang, Xueyan and Tresp, Volker},
  journal={Advances in Neural Information Processing Systems},
  volume={27},
  year={2014}
}

@inproceedings{ribeiro2017struc2vec,
  title={struc2vec: Learning node representations from structural identity},
  author={Ribeiro, Leonardo FR and Saverese, Pedro HP and Figueiredo, Daniel R},
  booktitle={Proceedings of the 23rd ACM SIGKDD international conference on knowledge discovery and data mining},
  pages={385--394},
  year={2017}
}

@article{bradley1997use,
  title={The use of the area under the ROC curve in the evaluation of machine learning algorithms},
  author={Bradley, Andrew P},
  journal={Pattern recognition},
  volume={30},
  number={7},
  pages={1145--1159},
  year={1997},
  publisher={Elsevier}
}

@article{zhang2020deep,
  title={Deep learning on graphs: A survey},
  author={Zhang, Ziwei and Cui, Peng and Zhu, Wenwu},
  journal={IEEE Transactions on Knowledge and Data Engineering},
  volume={34},
  number={1},
  pages={249--270},
  year={2020},
  publisher={IEEE}
}

@article{wu2020comprehensive,
  title={A comprehensive survey on graph neural networks},
  author={Wu, Zonghan and Pan, Shirui and Chen, Fengwen and Long, Guodong and Zhang, Chengqi and Philip, S Yu},
  journal={IEEE transactions on neural networks and learning systems},
  volume={32},
  number={1},
  pages={4--24},
  year={2020},
  publisher={IEEE}
}