% Long form of conference & journal abbreviations -- especially for camera ready
@String(PAMI  = {IEEE Trans. Pattern Anal. Mach. Intell.})
@String(IJCV  = {Int. J. Comput. Vis.})
@String(CVPR  = {IEEE Conf. Comput. Vis. Pattern Recog.})
@String(ICCV  = {Int. Conf. Comput. Vis.})
@String(ECCV  = {Eur. Conf. Comput. Vis.})
@String(NeurIPS = {Adv. Neural Inform. Process. Syst.})
@String(ICML  = {Int. Conf. Mach. Learn.})
@String(ICLR  = {Int. Conf. Learn. Represent.})
@String(ACCV  = {Asian Conf. Comput. Vis.})
@String(BMVC  = {Brit. Mach. Vis. Conf.})
@String(CVPRW = {IEEE Conf. Comput. Vis. Pattern Recog. Worksh.})
@String(AAAI  = {AAAI})
@String(IJCAI = {IJCAI})
@String(ICIP  = {IEEE Int. Conf. Image Process.})
@String(ICPR  = {Int. Conf. Pattern Recog.})
@String(ICASSP=	{ICASSP})
@String(ICME  = {Int. Conf. Multimedia and Expo})
@String(JMLR  = {J. Mach. Learn. Res.})
@String(TMLR  = {Trans. Mach. Learn Res.})
@String(TOG   = {ACM Trans. Graph.})
@String(TIP   = {IEEE Trans. Image Process.})
@String(TVCG  = {IEEE Trans. Vis. Comput. Graph.})
@String(TCSVT = {IEEE Trans. Circuit Syst. Video Technol.})
@String(TMM   = {IEEE Trans. Multimedia})
@String(ACMMM = {ACM Int. Conf. Multimedia})
@String(PR    = {Pattern Recognition})

@String(MNI	  = {Nature Mach. Intell.})
@String(SPL	  = {IEEE Sign. Process. Letters})
@String(VR    = {Vis. Res.})
@String(JOV	  = {J. Vis.})
@String(TVC   = {The Vis. Comput.})
@String(JCST  = {J. Comput. Sci. Tech.})
@String(CGF   = {Comput. Graph. Forum})
@String(CVM   = {Computational Visual Media})


% Short form of conference & journal abbreviations -- especially for submission version
% if desired, remove these macros in favor of the above ones
@String(PAMI  = {IEEE TPAMI})
@String(IJCV  = {IJCV})
@String(CVPR  = {CVPR})
@String(ICCV  = {ICCV})
@String(ECCV  = {ECCV})
@String(NeurIPS = {NeurIPS})
@String(ICML  = {ICML})
@String(ICLR  = {ICLR})
@String(ACCV  = {ACCV})
@String(BMVC  =	{BMVC})
@String(CVPRW = {CVPRW})
@String(AAAI  = {AAAI})
@String(IJCAI = {IJCAI})
@String(ICIP  = {ICIP})
@String(ICPR  = {ICPR})
@String(ICASSP=	{ICASSP})
@String(ICME  =	{ICME})
@String(JMLR  = {JMLR})
@String(TMLR  = {TMLR})
@String(TOG   = {ACM TOG})
@String(TIP   = {IEEE TIP})
@String(TVCG  = {IEEE TVCG})
@String(TCSVT = {IEEE TCSVT})
@String(TMM   =	{IEEE TMM})
@String(ACMMM = {ACM MM})
@String(PR    = {PR})



@incollection{PyTorch,
title = {PyTorch: An Imperative Style, High-Performance Deep Learning Library},
author = {Paszke, Adam and Gross, Sam and Massa, Francisco and Lerer, Adam and Bradbury, James and Chanan, Gregory and Killeen, Trevor and Lin, Zeming and Gimelshein, Natalia and Antiga, Luca and Desmaison, Alban and Kopf, Andreas and Yang, Edward and DeVito, Zachary and Raison, Martin and Tejani, Alykhan and Chilamkurthy, Sasank and Steiner, Benoit and Fang, Lu and Bai, Junjie and Chintala, Soumith},
booktitle = {Advances in Neural Information Processing Systems 32},
pages = {8024--8035},
year = {2019},
publisher = {Curran Associates, Inc.}
}

% Long form of conference & journal abbreviations -- especially for camera ready
@String(PAMI  = {IEEE Trans. Pattern Anal. Mach. Intell.})
@String(IJCV  = {Int. J. Comput. Vis.})
@String(CVPR  = {IEEE Conf. Comput. Vis. Pattern Recog.})
@String(ICCV  = {Int. Conf. Comput. Vis.})
@String(ECCV  = {Eur. Conf. Comput. Vis.})
@String(NeurIPS = {Adv. Neural Inform. Process. Syst.})
@String(ICML  = {Int. Conf. Mach. Learn.})
@String(ICLR  = {Int. Conf. Learn. Represent.})
@String(ACCV  = {Asian Conf. Comput. Vis.})
@String(BMVC  = {Brit. Mach. Vis. Conf.})
@String(CVPRW = {IEEE Conf. Comput. Vis. Pattern Recog. Worksh.})
@String(AAAI  = {AAAI})
@String(IJCAI = {IJCAI})
@String(ICIP  = {IEEE Int. Conf. Image Process.})
@String(ICPR  = {Int. Conf. Pattern Recog.})
@String(ICASSP=	{ICASSP})
@String(ICME  = {Int. Conf. Multimedia and Expo})
@String(JMLR  = {J. Mach. Learn. Res.})
@String(TMLR  = {Trans. Mach. Learn Res.})
@String(TOG   = {ACM Trans. Graph.})
@String(TIP   = {IEEE Trans. Image Process.})
@String(TVCG  = {IEEE Trans. Vis. Comput. Graph.})
@String(TCSVT = {IEEE Trans. Circuit Syst. Video Technol.})
@String(TMM   = {IEEE Trans. Multimedia})
@String(ACMMM = {ACM Int. Conf. Multimedia})
@String(PR    = {Pattern Recognition})

@String(MNI	  = {Nature Mach. Intell.})
@String(SPL	  = {IEEE Sign. Process. Letters})
@String(VR    = {Vis. Res.})
@String(JOV	  = {J. Vis.})
@String(TVC   = {The Vis. Comput.})
@String(JCST  = {J. Comput. Sci. Tech.})
@String(CGF   = {Comput. Graph. Forum})
@String(CVM   = {Computational Visual Media})


% Short form of conference & journal abbreviations -- especially for submission version
% if desired, remove these macros in favor of the above ones
@String(PAMI  = {IEEE TPAMI})
@String(IJCV  = {IJCV})
@String(CVPR  = {CVPR})
@String(ICCV  = {ICCV})
@String(ECCV  = {ECCV})
@String(NeurIPS = {NeurIPS})
@String(ICML  = {ICML})
@String(ICLR  = {ICLR})
@String(ACCV  = {ACCV})
@String(BMVC  =	{BMVC})
@String(CVPRW = {CVPRW})
@String(AAAI  = {AAAI})
@String(IJCAI = {IJCAI})
@String(ICIP  = {ICIP})
@String(ICPR  = {ICPR})
@String(ICASSP=	{ICASSP})
@String(ICME  =	{ICME})
@String(JMLR  = {JMLR})
@String(TMLR  = {TMLR})
@String(TOG   = {ACM TOG})
@String(TIP   = {IEEE TIP})
@String(TVCG  = {IEEE TVCG})
@String(TCSVT = {IEEE TCSVT})
@String(TMM   =	{IEEE TMM})
@String(ACMMM = {ACM MM})
@String(PR    = {PR})

@inproceedings{cheng2021mask2former,
  title={Masked-attention Mask Transformer for Universal Image Segmentation},
  author={Bowen Cheng and Ishan Misra and Alexander G. Schwing and Alexander Kirillov and Rohit Girdhar},
  booktitle={CVPR},
  year={2022}
}

@article{mohan2021efficientps,
  title={Efficientps: Efficient panoptic segmentation},
  author={Mohan, Rohit and Valada, Abhinav},
  journal={International Journal of Computer Vision},
  volume={129},
  number={5},
  pages={1551--1579},
  year={2021},
  publisher={Springer}
}

@inproceedings{hu2023you,
  title={You Only Segment Once: Towards Real-Time Panoptic Segmentation},
  author={Hu, Jie and Huang, Linyan and Ren, Tianhe and Zhang, Shengchuan and Ji, Rongrong and Cao, Liujuan},
  booktitle={Proceedings of the IEEE/CVF Conference on Computer Vision and Pattern Recognition},
  pages={17819--17829},
  year={2023}
}

@article{loshchilov2017decoupled,
  title={Decoupled weight decay regularization},
  author={Loshchilov, Ilya and Hutter, Frank},
  journal={arXiv preprint arXiv:1711.05101},
  year={2017}
}

@inproceedings{hou2020real,
  title={Real-time panoptic segmentation from dense detections},
  author={Hou, Rui and Li, Jie and Bhargava, Arjun and Raventos, Allan and Guizilini, Vitor and Fang, Chao and Lynch, Jerome and Gaidon, Adrien},
  booktitle={Proceedings of the IEEE/CVF Conference on Computer Vision and Pattern Recognition},
  pages={8523--8532},
  year={2020}
}

@article{xu2024survey,
  title={A survey of resource-efficient llm and multimodal foundation models},
  author={Xu, Mengwei and Yin, Wangsong and Cai, Dongqi and Yi, Rongjie and Xu, Daliang and Wang, Qipeng and Wu, Bingyang and Zhao, Yihao and Yang, Chen and Wang, Shihe and others},
  journal={arXiv preprint arXiv:2401.08092},
  year={2024}
}

@article{wan2023efficient,
  title={Efficient large language models: A survey},
  author={Wan, Zhongwei and Wang, Xin and Liu, Che and Alam, Samiul and Zheng, Yu and Qu, Zhongnan and Yan, Shen and Zhu, Yi and Zhang, Quanlu and Chowdhury, Mosharaf and others},
  journal={arXiv preprint arXiv:2312.03863},
  volume={1},
  year={2023}
}

@article{yu2021bisenet,
  title={Bisenet v2: Bilateral network with guided aggregation for real-time semantic segmentation},
  author={Yu, Changqian and Gao, Changxin and Wang, Jingbo and Yu, Gang and Shen, Chunhua and Sang, Nong},
  journal={International Journal of Computer Vision},
  volume={129},
  pages={3051--3068},
  year={2021},
  publisher={Springer}
}

@inproceedings{yu2018bisenet,
  title={Bisenet: Bilateral segmentation network for real-time semantic segmentation},
  author={Yu, Changqian and Wang, Jingbo and Peng, Chao and Gao, Changxin and Yu, Gang and Sang, Nong},
  booktitle={Proceedings of the European conference on computer vision (ECCV)},
  pages={325--341},
  year={2018}
}

@inproceedings{xu2023pidnet,
  title={PIDNet: A Real-Time Semantic Segmentation Network Inspired by PID Controllers},
  author={Xu, Jiacong and Xiong, Zixiang and Bhattacharyya, Shankar P},
  booktitle={Proceedings of the IEEE/CVF Conference on Computer Vision and Pattern Recognition},
  pages={19529--19539},
  year={2023}
}

@inproceedings{fan2021rethinking,
  title={Rethinking bisenet for real-time semantic segmentation},
  author={Fan, Mingyuan and Lai, Shenqi and Huang, Junshi and Wei, Xiaoming and Chai, Zhenhua and Luo, Junfeng and Wei, Xiaolin},
  booktitle={Proceedings of the IEEE/CVF conference on computer vision and pattern recognition},
  pages={9716--9725},
  year={2021}
}

@inproceedings{hong2021lpsnet,
  title={Lpsnet: A lightweight solution for fast panoptic segmentation},
  author={Hong, Weixiang and Guo, Qingpei and Zhang, Wei and Chen, Jingdong and Chu, Wei},
  booktitle={Proceedings of the IEEE/CVF Conference on Computer Vision and Pattern Recognition},
  pages={16746--16754},
  year={2021}
}
@article{de2020fast,
  title={Fast panoptic segmentation network},
  author={de Geus, Daan and Meletis, Panagiotis and Dubbelman, Gijs},
  journal={IEEE Robotics and Automation Letters},
  volume={5},
  number={2},
  pages={1742--1749},
  year={2020},
  publisher={IEEE}
}

@article{WangSCJDZLMTWLX19,
  title={Deep High-Resolution Representation Learning for Visual Recognition},
  author={Jingdong Wang and Ke Sun and Tianheng Cheng and 
          Borui Jiang and Chaorui Deng and Yang Zhao and Dong Liu and Yadong Mu and 
          Mingkui Tan and Xinggang Wang and Wenyu Liu and Bin Xiao},
  journal={TPAMI},
  year={2019}
}

@article{ding2022open,
  title={Open-vocabulary panoptic segmentation with maskclip},
  author={Ding, Zheng and Wang, Jieke and Tu, Zhuowen},
  journal={arXiv preprint arXiv:2208.08984},
  year={2022}
}

@inproceedings{jain2023oneformer,
  title={Oneformer: One transformer to rule universal image segmentation},
  author={Jain, Jitesh and Li, Jiachen and Chiu, Mang Tik and Hassani, Ali and Orlov, Nikita and Shi, Humphrey},
  booktitle={Proceedings of the IEEE/CVF Conference on Computer Vision and Pattern Recognition},
  pages={2989--2998},
  year={2023}
}

@article{gu2024dataseg,
  title={Dataseg: Taming a universal multi-dataset multi-task segmentation model},
  author={Gu, Xiuye and Cui, Yin and Huang, Jonathan and Rashwan, Abdullah and Yang, Xuan and Zhou, Xingyi and Ghiasi, Golnaz and Kuo, Weicheng and Chen, Huizhong and Chen, Liang-Chieh and others},
  journal={Advances in Neural Information Processing Systems},
  volume={36},
  year={2024}
}

@article{xu2024rap,
  title={RAP-SAM: Towards Real-Time All-Purpose Segment Anything},
  author={Xu, Shilin and Yuan, Haobo and Shi, Qingyu and Qi, Lu and Wang, Jingbo and Yang, Yibo and Li, Yining and Chen, Kai and Tong, Yunhai and Ghanem, Bernard and others},
  journal={arXiv preprint arXiv:2401.10228},
  year={2024}
}

@misc{wu2019detectron2,
  author =       {Yuxin Wu and Alexander Kirillov and Francisco Massa and
                  Wan-Yen Lo and Ross Girshick},
  title =        {Detectron2},
  howpublished = {\url{https://github.com/facebookresearch/detectron2}},
  year =         {2019}
}

@inproceedings{li2021improved,
  title={MViTv2: Improved multiscale vision transformers for classification and detection},
  author={Li, Yanghao and Wu, Chao-Yuan and Fan, Haoqi and Mangalam, Karttikeya and Xiong, Bo and Malik, Jitendra and Feichtenhofer, Christoph},
  booktitle={CVPR},
  year={2022}
}

@article{kirillov2023segment,
  title={Segment anything},
  author={Kirillov, Alexander and Mintun, Eric and Ravi, Nikhila and Mao, Hanzi and Rolland, Chloe and Gustafson, Laura and Xiao, Tete and Whitehead, Spencer and Berg, Alexander C and Lo, Wan-Yen and others},
  journal={arXiv preprint arXiv:2304.02643},
  year={2023}
}

@article{vsaric2023panoptic,
  title={Panoptic SwiftNet: Pyramidal Fusion for Real-Time Panoptic Segmentation},
  author={{\v{S}}ari{\'c}, Josip and Or{\v{s}}i{\'c}, Marin and {\v{S}}egvi{\'c}, Sini{\v{s}}a},
  journal={Remote Sensing},
  volume={15},
  number={8},
  pages={1968},
  year={2023},
  publisher={MDPI}
}

@article{sun2023remax,
  title={Remax: Relaxing for better training on efficient panoptic segmentation},
  author={Sun, Shuyang and Wang, Weijun and Yu, Qihang and Howard, Andrew and Torr, Philip and Chen, Liang-Chieh},
  journal={arXiv preprint arXiv:2306.17319},
  year={2023}
}


@inproceedings{tu2008auto,
  title={Auto-context and its application to high-level vision tasks},
  author={Tu, Zhuowen},
  booktitle={2008 IEEE Conference on Computer Vision and Pattern Recognition},
  pages={1--8},
  year={2008},
  organization={IEEE}
}

@article{ryali2023hiera,
  title={Hiera: A Hierarchical Vision Transformer without the Bells-and-Whistles},
  author={Ryali, Chaitanya and Hu, Yuan-Ting and Bolya, Daniel and Wei, Chen and Fan, Haoqi and Huang, Po-Yao and Aggarwal, Vaibhav and Chowdhury, Arkabandhu and Poursaeed, Omid and Hoffman, Judy and Malik, Jitendra and Li, Yanghao and Feichtenhofer, Christoph},
  journal={ICML},
  year={2023}
}

@INPROCEEDINGS{10296714,
  author={Ammar, Abdallah and Khalil, Mahmoud I. and Salama, Cherif},
  booktitle={2023 5th Novel Intelligent and Leading Emerging Sciences Conference (NILES)}, 
  title={RT-YOSO: Revisiting YOSO for Real-time Panoptic Segmentation}, 
  year={2023},
  volume={},
  number={},
  pages={306-311},
  doi={10.1109/NILES59815.2023.10296714}}

@inproceedings{liu2021swin,
  title={Swin transformer: Hierarchical vision transformer using shifted windows},
  author={Liu, Ze and Lin, Yutong and Cao, Yue and Hu, Han and Wei, Yixuan and Zhang, Zheng and Lin, Stephen and Guo, Baining},
  booktitle={Proceedings of the IEEE/CVF international conference on computer vision},
  pages={10012--10022},
  year={2021}
}

@inproceedings{he2016deep,
  title={Deep residual learning for image recognition},
  author={He, Kaiming and Zhang, Xiangyu and Ren, Shaoqing and Sun, Jian},
  booktitle={Proceedings of the IEEE conference on computer vision and pattern recognition},
  pages={770--778},
  year={2016}
}

@article{vaswani2017attention,
  title={Attention is all you need},
  author={Vaswani, Ashish and Shazeer, Noam and Parmar, Niki and Uszkoreit, Jakob and Jones, Llion and Gomez, Aidan N and Kaiser, {\L}ukasz and Polosukhin, Illia},
  journal={Advances in neural information processing systems},
  volume={30},
  year={2017}
}

@inproceedings{carion2020end,
  title={End-to-end object detection with transformers},
  author={Carion, Nicolas and Massa, Francisco and Synnaeve, Gabriel and Usunier, Nicolas and Kirillov, Alexander and Zagoruyko, Sergey},
  booktitle={European conference on computer vision},
  pages={213--229},
  year={2020},
  organization={Springer}
}

@misc{kirillov2019panoptic,
      title={Panoptic Segmentation}, 
      author={Alexander Kirillov and Kaiming He and Ross Girshick and Carsten Rother and Piotr Dollár},
      year={2019},
      eprint={1801.00868},
      archivePrefix={arXiv},
      primaryClass={cs.CV}
}
@inproceedings{li2023lite,
  title={Lite DETR: An interleaved multi-scale encoder for efficient detr},
  author={Li, Feng and Zeng, Ailing and Liu, Shilong and Zhang, Hao and Li, Hongyang and Zhang, Lei and Ni, Lionel M},
  booktitle={Proceedings of the IEEE/CVF Conference on Computer Vision and Pattern Recognition},
  pages={18558--18567},
  year={2023}
}

@article{lv2023detrs,
  title={Detrs beat yolos on real-time object detection},
  author={Lv, Wenyu and Xu, Shangliang and Zhao, Yian and Wang, Guanzhong and Wei, Jinman and Cui, Cheng and Du, Yuning and Dang, Qingqing and Liu, Yi},
  journal={arXiv preprint arXiv:2304.08069},
  year={2023}
}

@article{yao2021efficient,
  title={Efficient detr: improving end-to-end object detector with dense prior},
  author={Yao, Zhuyu and Ai, Jiangbo and Li, Boxun and Zhang, Chi},
  journal={arXiv preprint arXiv:2104.01318},
  year={2021}
}

@inproceedings{li2023mask,
  title={Mask {DINO}: Towards a unified transformer-based framework for object detection and segmentation},
  author={Li, Feng and Zhang, Hao and Xu, Huaizhe and Liu, Shilong and Zhang, Lei and Ni, Lionel M and Shum, Heung-Yeung},
  booktitle={Proceedings of the IEEE/CVF Conference on Computer Vision and Pattern Recognition},
  pages={3041--3050},
  year={2023}
}

@inproceedings{rashwan2024maskconver,
  title={MaskConver: Revisiting Pure Convolution Model for Panoptic Segmentation},
  author={Rashwan, Abdullah and Zhang, Jiageng and Taalimi, Ali and Yang, Fan and Zhou, Xingyi and Yan, Chaochao and Chen, Liang-Chieh and Li, Yeqing},
  booktitle={Proceedings of the IEEE/CVF Winter Conference on Applications of Computer Vision},
  pages={851--861},
  year={2024}
}

@inproceedings{milletari2016v,
  title={V-net: Fully convolutional neural networks for volumetric medical image segmentation},
  author={Milletari, Fausto and Navab, Nassir and Ahmadi, Seyed-Ahmad},
  booktitle={2016 fourth international conference on 3D vision (3DV)},
  pages={565--571},
  year={2016},
  organization={Ieee}
}

@article{cheng2021per,
  title={Per-pixel classification is not all you need for semantic segmentation},
  author={Cheng, Bowen and Schwing, Alex and Kirillov, Alexander},
  journal={Advances in Neural Information Processing Systems},
  volume={34},
  pages={17864--17875},
  year={2021}
}

@inproceedings{li2022panoptic,
  title={Panoptic segformer: Delving deeper into panoptic segmentation with transformers},
  author={Li, Zhiqi and Wang, Wenhai and Xie, Enze and Yu, Zhiding and Anandkumar, Anima and Alvarez, Jose M and Luo, Ping and Lu, Tong},
  booktitle={Proceedings of the IEEE/CVF Conference on Computer Vision and Pattern Recognition},
  pages={1280--1289},
  year={2022}
}

@article{zhu2020deformable,
  title={Deformable detr: Deformable transformers for end-to-end object detection},
  author={Zhu, Xizhou and Su, Weijie and Lu, Lewei and Li, Bin and Wang, Xiaogang and Dai, Jifeng},
  journal={arXiv preprint arXiv:2010.04159},
  year={2020}
}

@inproceedings{cai2023efficientvit,
  title={EfficientViT: Lightweight Multi-Scale Attention for High-Resolution Dense Prediction},
  author={Cai, Han and Li, Junyan and Hu, Muyan and Gan, Chuang and Han, Song},
  booktitle={Proceedings of the IEEE/CVF International Conference on Computer Vision},
  pages={17302--17313},
  year={2023}
}

@article{zhang2022dino,
  title={Dino: Detr with improved denoising anchor boxes for end-to-end object detection. arXiv 2022},
  author={Zhang, H and Li, F and Liu, S and Zhang, L and Su, H and Zhu, J and Ni, LM and Shum, HY},
  journal={arXiv preprint arXiv:2203.03605},
  year={2022}
}

@inproceedings{caron2021emerging,
  title={Emerging Properties in Self-Supervised Vision Transformers},
  author={Caron, Mathilde and Touvron, Hugo and Misra, Ishan and J\'egou, Herv\'e  and Mairal, Julien and Bojanowski, Piotr and Joulin, Armand},
  booktitle={Proceedings of the International Conference on Computer Vision (ICCV)},
  year={2021}
}

@inproceedings{he2017mask,
  title={Mask r-cnn},
  author={He, Kaiming and Gkioxari, Georgia and Doll{\'a}r, Piotr and Girshick, Ross},
  booktitle={Proceedings of the IEEE international conference on computer vision},
  pages={2961--2969},
  year={2017}
}

@inproceedings{lin2014microsoft,
  title={Microsoft coco: Common objects in context},
  author={Lin, Tsung-Yi and Maire, Michael and Belongie, Serge and Hays, James and Perona, Pietro and Ramanan, Deva and Doll{\'a}r, Piotr and Zitnick, C Lawrence},
  booktitle={Computer Vision--ECCV 2014: 13th European Conference, Zurich, Switzerland, September 6-12, 2014, Proceedings, Part V 13},
  pages={740--755},
  year={2014},
  organization={Springer}
}

@inproceedings{cordts2016cityscapes,
  title={The cityscapes dataset for semantic urban scene understanding},
  author={Cordts, Marius and Omran, Mohamed and Ramos, Sebastian and Rehfeld, Timo and Enzweiler, Markus and Benenson, Rodrigo and Franke, Uwe and Roth, Stefan and Schiele, Bernt},
  booktitle={Proceedings of the IEEE conference on computer vision and pattern recognition},
  pages={3213--3223},
  year={2016}
}

@article{paszke2019pytorch,
  title={Pytorch: An imperative style, high-performance deep learning library},
  author={Paszke, Adam and Gross, Sam and Massa, Francisco and Lerer, Adam and Bradbury, James and Chanan, Gregory and Killeen, Trevor and Lin, Zeming and Gimelshein, Natalia and Antiga, Luca and others},
  journal={Advances in neural information processing systems},
  volume={32},
  year={2019}
}

@inproceedings{deng2009imagenet,
  title={Imagenet: A large-scale hierarchical image database},
  author={Deng, Jia and Dong, Wei and Socher, Richard and Li, Li-Jia and Li, Kai and Fei-Fei, Li},
  booktitle={2009 IEEE conference on computer vision and pattern recognition},
  pages={248--255},
  year={2009},
  organization={Ieee}
}

@article{everingham2015pascal,
  title={The pascal visual object classes challenge: A retrospective},
  author={Everingham, Mark and Eslami, SM Ali and Van Gool, Luc and Williams, Christopher KI and Winn, John and Zisserman, Andrew},
  journal={International journal of computer vision},
  volume={111},
  pages={98--136},
  year={2015},
  publisher={Springer}
}

@article{russakovsky2015imagenet,
  title={Imagenet large scale visual recognition challenge},
  author={Russakovsky, Olga and Deng, Jia and Su, Hao and Krause, Jonathan and Satheesh, Sanjeev and Ma, Sean and Huang, Zhiheng and Karpathy, Andrej and Khosla, Aditya and Bernstein, Michael and others},
  journal={International journal of computer vision},
  volume={115},
  pages={211--252},
  year={2015},
  publisher={Springer}
}

@article{xie2021self,
  title={Self-supervised learning with swin transformers},
  author={Xie, Zhenda and Lin, Yutong and Yao, Zhuliang and Zhang, Zheng and Dai, Qi and Cao, Yue and Hu, Han},
  journal={arXiv preprint arXiv:2105.04553},
  year={2021}
}

@inproceedings{porzi2019seamless,
  title={Seamless scene segmentation},
  author={Porzi, Lorenzo and Bulo, Samuel Rota and Colovic, Aleksander and Kontschieder, Peter},
  booktitle={Proceedings of the IEEE/CVF Conference on Computer Vision and Pattern Recognition},
  pages={8277--8286},
  year={2019}
}

@inproceedings{tang2023you,
  title={You Need Multiple Exiting: Dynamic Early Exiting for Accelerating Unified Vision Language Model},
  author={Tang, Shengkun and Wang, Yaqing and Kong, Zhenglun and Zhang, Tianchi and Li, Yao and Ding, Caiwen and Wang, Yanzhi and Liang, Yi and Xu, Dongkuan},
  booktitle={Proceedings of the IEEE/CVF Conference on Computer Vision and Pattern Recognition},
  pages={10781--10791},
  year={2023}
}


@inproceedings{cheng2020panoptic,
  title={Panoptic-deeplab: A simple, strong, and fast baseline for bottom-up panoptic segmentation},
  author={Cheng, Bowen and Collins, Maxwell D and Zhu, Yukun and Liu, Ting and Huang, Thomas S and Adam, Hartwig and Chen, Liang-Chieh},
  booktitle={Proceedings of the IEEE/CVF conference on computer vision and pattern recognition},
  pages={12475--12485},
  year={2020}
}

@inproceedings{xu2023lgvit,
  title={LGViT: Dynamic Early Exiting for Accelerating Vision Transformer},
  author={Xu, Falcon and Zhang, Xiang and Ma, Zhendong and Wang, Jianbo and Hu, Jing and Sun, Jian},
  booktitle={Proceedings of the 32nd ACM International Conference on Multimedia},
  pages={1958--1966},
  year={2023}
}

@inproceedings{liu2021mevt,
  title={Multi-Exit Vision Transformer for Dynamic Inference},
  author={Liu, Zehui and Sun, Yutong and Li, Yiming and Zhou, Zhiqiang and Hu, Jinshan and Li, Fei},
  booktitle={Proceedings of the IEEE/CVF Conference on Computer Vision and Pattern Recognition (CVPR)},
  pages={5214--5223},
  year={2021}
}

@article{wang2022single,
  title={Single-layer vision transformers for more accurate early exits with less overhead},
  author={Wang, Xin and Zhou, Wenhai and He, Xiaohong and Peng, Xiangyu and Wei, Feng and Guo, Yuhang},
  journal={Pattern Recognition},
  volume={136},
  pages={102243},
  year={2022}
}

@inproceedings{jiang2023multi,
  title={Multi-exit Vision Transformer with Custom Fine-tuning for Fine-grained Image Recognition},
  author={Jiang, Zihang and Gong, Zhiqiang and Xu, Yifan and Wang, Jianming},
  booktitle={2023 IEEE International Conference on Image Processing (ICIP)},
  pages={5233--5237},
  year={2023}
}

@inproceedings{yang2023exploiting,
  title={Exploiting Face Recognizability with Early Exit Vision Transformers},
  author={Yang, Junyi and Zhang, Xiaoling and Zhang, Xin and Tang, Jilin and Li, Xiwei},
  booktitle={2023 IEEE International Conference on Image Processing (ICIP)},
  pages={6341--6345},
  year={2023}
}

@misc{valade2024eero,
      title={EERO: Early Exit with Reject Option for Efficient Classification with limited budget}, 
      author={Florian Valade and Mohamed Hebiri and Paul Gay},
      year={2024},
      eprint={2402.03779},
      archivePrefix={arXiv},
      primaryClass={stat.ML}
}

@inproceedings{tang2023need,
  title={You Need Multiple Exiting: Dynamic Early Exiting for Accelerating Unified Vision Language Model},
  author={Tang, Jiacheng and Liu, Zehui and Li, Yiming and Sun, Yutong and Zhou, Zhiqiang and Hu, Jinshan and Li, Fei},
  booktitle={Proceedings of the IEEE/CVF Conference on Computer Vision and Pattern Recognition (CVPR)},
  pages={13504--13513},
  year={2023}
}

@inproceedings{zhang2023adaptive,
  title={Adaptive Deep Neural Network Inference Optimization with EENet},
  author={Zhang, Tianyu and He, Xinyu and Qin, Zhongli and Sun, Jian},
  booktitle={Proceedings of the 37th International Conference on Machine Learning},
  pages={15983--15993},
  year={2023}
}

@article{xie2021moby,
  title={Self-Supervised Learning with Swin Transformers}, 
  author={Zhenda Xie and Yutong Lin and Zhuliang Yao and Zheng Zhang and Qi Dai and Yue Cao and Han Hu},
  journal={arXiv preprint arXiv:2105.04553},
  year={2021}
}

@misc{kingma2017adam,
      title={Adam: A Method for Stochastic Optimization}, 
      author={Diederik P. Kingma and Jimmy Ba},
      year={2017},
      eprint={1412.6980},
      archivePrefix={arXiv},
      primaryClass={cs.LG}
}