@techreport{3gpp_38_211,
 author = "{3GPP}",
 institution = "{3rd Generation Partnership Project (3GPP)}",
 note = "Version 16.5.0",
 number = "38.211",
 title = "{P}hysical {C}hannels and {M}odulation",
 type = "Technical Specification (TS)",
 year = "2021"
}

@techreport{3gpp_38_212,
 author = "{3GPP\vspace{0mm}}",
institution="{3rd Generation Partnership Project (3GPP)}",
 note = "Version 16.5.0",
 number = "38.212",
 title = "{M}ultiplexing and {C}hannel {C}oding",
 type = "Technical Specification (TS)",
 year = "2021"
}

@techreport{3gpp_38_213,
 author = "{3GPP\vspace{0.5mm}}",
 institution="{3rd Generation Partnership Project (3GPP)}",
 note = "Version 16.5.0",
 number = {38.213},
 title = "{P}hysical {L}ayer {P}rocedures for {C}ontrol",
 type = "Technical Specification (TS)",
 year = "2021"
}

@techreport{3gpp_38_843,
 author = "{3GPP\vspace{0.4mm}}",
institution="{3rd Generation Partnership Project (3GPP)}",
 note = "Release 18",
 number = "38.843",
 title = "{S}tudy on {A}rtificial {I}ntelligence ({AI})/{M}achine {L}earning ({ML}) for {NR} {A}ir {I}nterface",
 type = "Technical Report (TR)",
 year = "2023"
}

%done ?
@book{5g_bullets,
  author = "Chris Johnson",
  title  = "{5G} {N}ew {R}adio in {B}ullets",
  publisher = "{Self-Published}",
  address = "Farnham, England",
  edition =  "First",
  year = "2019"
}

%done
@article{srivastava2014dropout,
  title="Dropout: {A} {S}imple {W}ay to {P}revent {N}eural {N}etworks from {O}verfitting",
  author="Nitish Srivastava and Geoffrey Hinton and Alex Krizhevsky and Ilya Sutskever and Ruslan Salakhutdinov",
  journal="Journal of Machine Learning Research",
  volume="15",
  number="1",
  pages="1929-1958",
  year="2014"
}

@inproceedings{kim2020performance,
  title="{P}erformance comparison of {DTX} detection schemes for {5G NR PUCCH}",
  author="Young-Hoon Kim and Hyungsik Ju and Chan Bok Jeong and Moon-Sik Lee",
  booktitle="2020 International Conference on Information and Communication Technology Convergence (ICTC)",
  pages="1391-1394",
  year="2020",
}

%done
@inproceedings{tadavarty2021performance,
  title="Performance {A}nalysis of {5G NR} {PUCCH} {F}ormat 0 {R}eceiver",
  author="Sriram Tadavarty and Nanda Kishore Chaval",
  booktitle="2021 IEEE 18th India Council International Conference (INDICON)",
  pages="1-5",
  year="2021",
  doi="https://doi.org/10.1109/INDICON52576.2021.9691557"
}

%done
@inproceedings{phan2021enhanced,
  title = "An {E}nhanced {M}ethod to {I}mprove {S}ignal {R}eception {P}erformance for {5G NR} {P}hysical {U}plink {C}ontrol {C}hannel with {F}requency {H}opping {C}onfiguration",
  author="{Dang-Minh} Phan and T. H. Phuoc Nguyen",
  booktitle="2021 International Conference on Advanced Technologies for Communications (ATC)",
  pages="13-17",
  year="2021"
}

%done
@inproceedings{kundu2018physical,
  title="{P}hysical {U}plink {C}ontrol {C}hannel {D}esign for {5G} {N}ew {R}adio",
  author="Lopamudra Kundu and Gang Xiong and Joonyoung Cho",
  booktitle="2018 IEEE 5G World Forum (5GWF)",
  pages="233-238",
  year="2018",
  doi="https://doi.org/10.1109/5GWF.2018.8517042"
}


%done ?
@book{Goodfellow-et-al-2016,
  author    = "Ian Goodfellow and Yoshua Bengio and Aaron Courville",
  title     = "Deep Learning",
  publisher = "MIT Press",
  year      = "2016",
  address   = "Cambridge, MA, USA",
  Note = "\url{http://www.deeplearningbook.org}"
}

%done
@inproceedings{he2016deep,
title="{D}eep {R}esidual {L}earning for {I}mage {R}ecognition",
  author="Kaiming He and Xiangyu Zhang and Shaoqing Ren and Jian Sun",
  booktitle="The IEEE/CVF Conference on Computer Vision and Pattern Recognition",
  pages="770-778",
  year={2016}
}

%done ?
@online{5gtbiitm,
  author    = "{IIT Madras}",
  title     = "{5G} {T}estbed {IIT} {M}adras",
  url       = "{http://www.5gtbiitm.in/}",
  year      = "2019",
  note      = "Accessed: Oct 30, 2023",
}

%done ?
%% This is for referencing a specific page of a website
@online{5g_init,
  author = "Jaeku Ryu",
  title = "{5G/NR} - {I}nitial {A}ttach",
url = "{https://www.sharetechnote.com/html/5G/5G_CallProcess_InitialAttach.html#SA_InitialAttach_OverallSignalingFlow}",
  year = "2019",
  note="Accessed: Oct 30, 2023"
}

%done
@inproceedings{yerrapragada2023machine,
  title="{M}achine {L}earning {D}ecoder for {5G} {NR} {PUCCH} {F}ormat 0",
  author="Anil Kumar Yerrapragada and Jeeva Keshav Sattianarayanin and Ankit Gautam and Radha Krishna Ganti",
  booktitle="2023 National Conference on Communications (NCC)",
  pages="1-6",
  year="2023",
  doi="https://doi.org/10.1109/NCC56989.2023.10067950"
}

%done
@inproceedings{wahlqvist1996time,
  title="{T}ime synchronization in the uplink of an {OFDM} system",
  author="M. Wahlqvist and R. Larsson and C. Ostberg",
  booktitle="Proceedings of Vehicular Technology Conference-VTC",
  year="1996",
  doi="https://doi.org/10.1109/VETEC.1996.504022"
}

%done
@ARTICLE{1261943,
  title="A blind {OFDM} synchronization algorithm based on cyclic correlation", 
  author="Byungjoon Park and Hyunsoo Cheon and Eunseok Ko and Changeon Kang and Daesik Hong",
  journal="IEEE Signal Processing Letters",
  year="2004",
  volume="11",
  number="2",
  pages="83-85",
  doi="https://doi.org/10.1109/LSP.2003.819347"
}

%done
@ARTICLE{4595664,
  author="Shaodan Ma and Xinyue Pan and Guang-Hua Yang and Tung-Sang Ng",
  journal="IEEE Transactions on Vehicular Technology", 
  title="Blind {S}ymbol {S}ynchronization {B}ased on {C}yclic {P}refix for {OFDM} {S}ystems", 
  year="2009",
  volume="58",
  number="4",
  pages="1746-1751",
  doi="https://doi.org/10.1109/TVT.2008.2004031"
}

%done
  @INPROCEEDINGS{9691557,
  title="{P}erformance {A}nalysis of {5G} {NR} {PUCCH} {F}ormat 0 {R}eceiver", 
  author="Sriram Tadavarty and Nanda Kishore Chavali",
  booktitle="2021 IEEE 18th India Council International Conference (INDICON)", 
  year="2021",
  pages="1-5",
  doi="https://doi.org/10.1109/INDICON52576.2021.9691557"
}

%done
@inproceedings{hara2016analysis,
  title="{A}nalysis of {D}ropout {L}earning {R}egarded as {E}nsemble {L}earning",
  author="Kazuyuki Hara and Daisuke Saitoh and Hayaru Shouno",
  booktitle="Artificial Neural Networks and Machine Learning â€“ ICANN 2016",
  pages="72-79",
  year="2016",
  doi="https://doi.org/10.1007/978-3-319-44781-0_9"
}

%done ?
@mastersthesis{wierse2023evaluation,
  title="{E}valuation of {X}ilinx {V}ersal {D}evice",
  author="Max Wierse",
  type="Bachelor Thesis",
  year="2023",
  school="ETH Zurich",
  doi = "https://doi.org/10.3929/ethz-b-000600880"
}

%done
@article{Lin_2018,
author = "Shangjing Lin and Jianguo Yu",
journal = "IOP Conference Series: Materials Science and Engineering",
title = "Happy {B}its {B}ased {BSR} {M}echanism in {5G} {N}etworks",
doi = "https://dx.doi.org/10.1088/1757-899X/466/1/012018",
year = {2018},
volume = {466},
number = {1},
}


%done ?
@techreport{ORAN_spec,
 author = "{Work Group}-4",
 institution = "Open RAN Alliance",
 note = "Version 11.00",
 title = "{O-RAN} {W}orking {G}roup 4 ({O}pen {F}ronthaul {I}nterfaces {WG})
{C}ontrol, {U}ser and {S}ynchronization {P}lane {S}pecification",
 type = "{T}echnical {S}pecification (TS)",
 year = "2022"
}

@misc{aiml_pucch_git,
  title = {{PUCCH Format 0 Code Repository}},
  howpublished = {{\url{https://github.com/akyerr/PUCCH-Format-0-ML}}},
  note="Accessed: 30 Dec, 2023"
}

@misc{aiml_pucch_dataset,
    author = {{5G Testbed, IIT Madras}},
  title = {{PUCCH Format 0 AI/ML Source Code and Datasets}},
  howpublished = {{\url{https://aifor6g.com/available-after-review}}},
  note="Accessed: 07 Jan, 2024"
}

