@article{c1,
author = {A. Alpher},
title = {Frobnication},
journal = {Journal of Foo},
volume = 12,
number = 1,
pages = {234--778},
year = 2002
}

@article{c2,
author = {A. Alpher and  J.~P.~N. Fotheringham-Smythe},
title = {Frobnication revisited},
journal = {Journal of Foo},
volume = 13,
number = 1,
pages = {234--778},
year = 2003
}

@article{c3,
author = {A. Alpher and J.~P.~N. Fotheringham-Smythe and G. Gamow},
title = {Can a machine frobnicate?},
journal = {Journal of Foo},
volume = 14,
number = 1,
pages = {234--778},
year = 2004
}

@inproceedings{zhu2021webface260m,
  title={Webface260m: A benchmark unveiling the power of million-scale deep face recognition},
  author={Zhu, Zheng and Huang, Guan and Deng, Jiankang and Ye, Yun and Huang, Junjie and Chen, Xinze and Zhu, Jiagang and Yang, Tian and Lu, Jiwen and Du, Dalong and others},
  booktitle={Proceedings of the IEEE/CVF Conference on Computer Vision and Pattern Recognition},
  pages={10492--10502},
  year={2021}
}

@inproceedings{an2021partial,
  title={Partial fc: Training 10 million identities on a single machine},
  author={An, Xiang and Zhu, Xuhan and Gao, Yuan and Xiao, Yang and Zhao, Yongle and Feng, Ziyong and Wu, Lan and Qin, Bin and Zhang, Ming and Zhang, Debing and others},
  booktitle={Proceedings of the IEEE/CVF International Conference on Computer Vision},
  pages={1445--1449},
  year={2021}
}



@inproceedings{kim2023dcface,
  title={Dcface: Synthetic face generation with dual condition diffusion model},
  author={Kim, Minchul and Liu, Feng and Jain, Anil and Liu, Xiaoming},
  booktitle={Proceedings of the IEEE/CVF Conference on Computer Vision and Pattern Recognition},
  pages={12715--12725},
  year={2023}
}

@article{alayrac2022flamingo,
  title={Flamingo: a visual language model for few-shot learning},
  author={Alayrac, Jean-Baptiste and Donahue, Jeff and Luc, Pauline and Miech, Antoine and Barr, Iain and Hasson, Yana and Lenc, Karel and Mensch, Arthur and Millican, Katherine and Reynolds, Malcolm and others},
  journal={Advances in neural information processing systems},
  volume={35},
  pages={23716--23736},
  year={2022}
}

@article{goodfellow2014generative,
  title={Generative adversarial nets},
  author={Goodfellow, Ian and Pouget-Abadie, Jean and Mirza, Mehdi and Xu, Bing and Warde-Farley, David and Ozair, Sherjil and Courville, Aaron and Bengio, Yoshua},
  journal={Advances in neural information processing systems},
  volume={27},
  year={2014}
}

@inproceedings{karras2018progressive,
  author       = {Tero Karras and
                  Timo Aila and
                  Samuli Laine and
                  Jaakko Lehtinen},
  title        = {Progressive Growing of GANs for Improved Quality, Stability, and Variation},
  booktitle    = {6th International Conference on Learning Representations, {ICLR} 2018,
                  Vancouver, BC, Canada, April 30 - May 3, 2018, Conference Track Proceedings},
  publisher    = {OpenReview.net},
  year         = {2018},
  url          = {https://openreview.net/forum?id=Hk99zCeAb},
  timestamp    = {Thu, 04 Apr 2019 13:20:09 +0200},
  biburl       = {https://dblp.org/rec/conf/iclr/KarrasALL18.bib},
  bibsource    = {dblp computer science bibliography, https://dblp.org}
}

@inproceedings{huber2024bias,
  title={Bias and Diversity in Synthetic-based Face Recognition},
  author={Huber, Marco and Luu, Anh Thi and Boutros, Fadi and Kuijper, Arjan and Damer, Naser},
  booktitle={Proceedings of the IEEE/CVF Winter Conference on Applications of Computer Vision},
  pages={6215--6226},
  year={2024}
}

@article{meden2021privacy,
  title={Privacy--enhancing face biometrics: A comprehensive survey},
  author={Meden, Bla{\v{z}} and Rot, Peter and Terh{\"o}rst, Philipp and Damer, Naser and Kuijper, Arjan and Scheirer, Walter J and Ross, Arun and Peer, Peter and {\v{S}}truc, Vitomir},
  journal={IEEE Transactions on Information Forensics and Security},
  volume={16},
  pages={4147--4183},
  year={2021},
  publisher={IEEE}
}

@inproceedings{qiu2021synface,
  title={Synface: Face recognition with synthetic data},
  author={Qiu, Haibo and Yu, Baosheng and Gong, Dihong and Li, Zhifeng and Liu, Wei and Tao, Dacheng},
  booktitle={Proceedings of the IEEE/CVF International Conference on Computer Vision},
  pages={10880--10890},
  year={2021}
}

@inproceedings{DBLP:conf/aaai/XuZNLWTZ20,
  author    = {Minghao Xu and
               Jian Zhang and
               Bingbing Ni and
               Teng Li and
               Chengjie Wang and
               Qi Tian and
               Wenjun Zhang},
  title     = {Adversarial Domain Adaptation with Domain Mixup},
  booktitle = {The Thirty-Fourth {AAAI} Conference on Artificial Intelligence, {AAAI}
               2020, The Thirty-Second Innovative Applications of Artificial Intelligence
               Conference, {IAAI} 2020, The Tenth {AAAI} Symposium on Educational
               Advances in Artificial Intelligence, {EAAI} 2020, New York, NY, USA,
               February 7-12, 2020},
  pages     = {6502--6509},
  publisher = {{AAAI} Press},
  year      = {2020},
  timestamp = {Mon, 07 Mar 2022 16:58:25 +0100},
  biburl    = {https://dblp.org/rec/conf/aaai/XuZNLWTZ20.bib},
  bibsource = {dblp computer science bibliography, https://dblp.org}
}


@inproceedings{neto2023compressed,
  title={Compressed models decompress race biases: What quantized models forget for fair face recognition},
  author={Neto, Pedro C and Caldeira, Eduarda and Cardoso, Jaime S and Sequeira, Ana F},
  booktitle={2023 International Conference of the Biometrics Special Interest Group (BIOSIG)},
  pages={1--5},
  year={2023},
  organization={IEEE}
}


@article{xu2022comprehensive,
  title={A comprehensive analysis of ai biases in deepfake detection with massively annotated databases},
  author={Xu, Ying and Terh{\"o}rst, Philipp and Raja, Kiran and Pedersen, Marius},
  journal={arXiv preprint arXiv:2208.05845},
  year={2022}
}


@inproceedings{DBLP:conf/cvpr/Sankaranarayanan18,
  author    = {Swami Sankaranarayanan and
               Yogesh Balaji and
               Arpit Jain and
               Ser{-}Nam Lim and
               Rama Chellappa},
  title     = {Learning From Synthetic Data: Addressing Domain Shift for Semantic
               Segmentation},
  booktitle = {2018 {IEEE} Conference on Computer Vision and Pattern Recognition,
               {CVPR} 2018, Salt Lake City, UT, USA, June 18-22, 2018},
  pages     = {3752--3761},
  publisher = {Computer Vision Foundation / {IEEE} Computer Society},
  year      = {2018},
  doi       = {10.1109/CVPR.2018.00395},
  timestamp = {Tue, 31 Aug 2021 14:00:32 +0200},
  biburl    = {https://dblp.org/rec/conf/cvpr/Sankaranarayanan18.bib},
  bibsource = {dblp computer science bibliography, https://dblp.org}
}

@inproceedings{DBLP:conf/cvpr/LeePYL20,
  author    = {Sangrok Lee and
               Eunsoo Park and
               Hongsuk Yi and
               Sang Hun Lee},
  title     = {StRDAN: Synthetic-to-Real Domain Adaptation Network for Vehicle Re-Identification},
  booktitle = {2020 {IEEE/CVF} Conference on Computer Vision and Pattern Recognition,
               {CVPR} Workshops 2020, Seattle, WA, USA, June 14-19, 2020},
  pages     = {2590--2597},
  publisher = {Computer Vision Foundation / {IEEE}},
  year      = {2020},
  doi       = {10.1109/CVPRW50498.2020.00312},
  timestamp = {Tue, 31 Aug 2021 14:00:09 +0200},
  biburl    = {https://dblp.org/rec/conf/cvpr/LeePYL20.bib},
  bibsource = {dblp computer science bibliography, https://dblp.org}
}


@article{wang2021meta,
  title={Meta balanced network for fair face recognition},
  author={Wang, Mei and Zhang, Yaobin and Deng, Weihong},
  journal={IEEE transactions on pattern analysis and machine intelligence},
  volume={44},
  number={11},
  pages={8433--8448},
  year={2021},
  publisher={IEEE}
}

@inproceedings{boutros2022sface,
  title={Sface: Privacy-friendly and accurate face recognition using synthetic data},
  author={Boutros, Fadi and Huber, Marco and Siebke, Patrick and Rieber, Tim and Damer, Naser},
  booktitle={2022 IEEE International Joint Conference on Biometrics (IJCB)},
  pages={1--11},
  year={2022},
  organization={IEEE}
}

@inproceedings{kolf2023identity,
  title={Identity-driven three-player generative adversarial network for synthetic-based face recognition},
  author={Kolf, Jan Niklas and Rieber, Tim and Elliesen, Jurek and Boutros, Fadi and Kuijper, Arjan and Damer, Naser},
  booktitle={Proceedings of the IEEE/CVF Conference on Computer Vision and Pattern Recognition},
  pages={806--816},
  year={2023}
}

@inproceedings{mirabet2023lvt,
  title={LVT Face Database: A benchmark database for visible and hidden face biometrics},
  author={Mirabet-Herranz, Nelida and Dugelay, Jean-Luc},
  booktitle={2023 International Conference of the Biometrics Special Interest Group (BIOSIG)},
  pages={1--6},
  year={2023},
  organization={IEEE}
}
@article{deandres2024frcsyn,
  title={FRCSyn Challenge at CVPR 2024: Face Recognition Challenge in the Era of Synthetic Data},
  author={DeAndres-Tame, Ivan and Tolosana, Ruben and Melzi, Pietro and Vera-Rodriguez, Ruben and Kim, Minchul and Rathgeb, Christian and Liu, Xiaoming and Morales, Aythami and Fierrez, Julian and Ortega-Garcia, Javier and others},
  journal={arXiv preprint arXiv:2404.10378},
  year={2024}
}
@inproceedings{boutros2023unsupervised,
  title={Unsupervised face recognition using unlabeled synthetic data},
  author={Boutros, Fadi and Klemt, Marcel and Fang, Meiling and Kuijper, Arjan and Damer, Naser},
  booktitle={2023 IEEE 17th International Conference on Automatic Face and Gesture Recognition (FG)},
  pages={1--8},
  year={2023},
  organization={IEEE}
}

@inproceedings{boutros2022quantface,
  title={Quantface: Towards lightweight face recognition by synthetic data low-bit quantization},
  author={Boutros, Fadi and Damer, Naser and Kuijper, Arjan},
  booktitle={2022 26th International Conference on Pattern Recognition (ICPR)},
  pages={855--862},
  year={2022},
  organization={IEEE}
}
@article{boutros2024sface2,
  title={SFace2: Synthetic-Based Face Recognition With w-Space Identity-Driven Sampling},
  author={Boutros, Fadi and Huber, Marco and Luu, Anh Thi and Siebke, Patrick and Damer, Naser},
  journal={IEEE Transactions on Biometrics, Behavior, and Identity Science},
  year={2024},
  publisher={IEEE}
}

@inproceedings{bae2023digiface,
  title={Digiface-1m: 1 million digital face images for face recognition},
  author={Bae, Gwangbin and de La Gorce, Martin and Baltru{\v{s}}aitis, Tadas and Hewitt, Charlie and Chen, Dong and Valentin, Julien and Cipolla, Roberto and Shen, Jingjing},
  booktitle={Proceedings of the IEEE/CVF Winter Conference on Applications of Computer Vision},
  pages={3526--3535},
  year={2023}
}

@inproceedings{NechMegaFace2017,
  author       = {Aaron Nech and
                  Ira Kemelmacher{-}Shlizerman},
  title        = {Level Playing Field for Million Scale Face Recognition},
  booktitle    = {2017 {IEEE} Conference on Computer Vision and Pattern Recognition,
                  {CVPR} 2017, Honolulu, HI, USA, July 21-26, 2017},
  pages        = {3406--3415},
  publisher    = {{IEEE} Computer Society},
  year         = {2017},
  url          = {https://doi.org/10.1109/CVPR.2017.363},
  doi          = {10.1109/CVPR.2017.363},
  timestamp    = {Fri, 24 Mar 2023 00:02:51 +0100},
  biburl       = {https://dblp.org/rec/conf/cvpr/NechK17.bib},
  bibsource    = {dblp computer science bibliography, https://dblp.org}
}

@misc{regulation2016regulation,
  date       = {2016-05-04},
  location   = {OJ L 119, 4.5.2016, p. 1--88},
  title      = {Regulation ({EU}) 2016/679 of the {European} {Parliament} and of the {Council}},
  url        = {https://data.europa.eu/eli/reg/2016/679/oj},
  titleaddon = {of 27 {April} 2016 on the protection of natural persons with regard to the processing of personal data and on the free movement of such data, and repealing {Directive} 95/46/{EC} ({General} {Data} {Protection} {Regulation})},
  abstract   = {The General Data Protection Regulation (2016/679, "GDPR") is a Regulation in European Union (EU) law on data protection and privacy in the EU and the European Economic Area (EEA).},
  author     = {{European Parliament} and {Council of the European Union}},
  keywords   = {access consumer data data-processing freedom gdpr information justice law personal privacy protection security verification},
  urldate    = {2023-04-13},
}

@article{yi2014learning,
  title={Learning face representation from scratch},
  author={Yi, Dong and Lei, Zhen and Liao, Shengcai and Li, Stan Z},
  journal={arXiv preprint arXiv:1411.7923},
  year={2014}
}

@inproceedings{boutros2023idiff,
  title={Idiff-face: Synthetic-based face recognition through fizzy identity-conditioned diffusion model},
  author={Boutros, Fadi and Grebe, Jonas Henry and Kuijper, Arjan and Damer, Naser},
  booktitle={Proceedings of the IEEE/CVF International Conference on Computer Vision},
  pages={19650--19661},
  year={2023}
}

@inproceedings{cao2018vggface2,
  title={Vggface2: A dataset for recognising faces across pose and age},
  author={Cao, Qiong and Shen, Li and Xie, Weidi and Parkhi, Omkar M and Zisserman, Andrew},
  booktitle={2018 13th IEEE international conference on automatic face \& gesture recognition (FG 2018)},
  pages={67--74},
  year={2018},
  organization={IEEE}
}

@inproceedings{taigman2014deepface,
  title={Deepface: Closing the gap to human-level performance in face verification},
  author={Taigman, Yaniv and Yang, Ming and Ranzato, Marc'Aurelio and Wolf, Lior},
  booktitle={Proceedings of the IEEE conference on computer vision and pattern recognition},
  pages={1701--1708},
  year={2014}
}

@article{terhorst2021maadface,
	author = {Terhorst, Philipp and Fahrmann, Daniel and Kolf, Jan Niklas and Damer, Naser and Kirchbuchner, Florian and Kuijper, Arjan},
	journal = {IEEE Transactions on Information Forensics and Security},
	year = {2021},
	pages = {3942--3957},
	publisher = {IEEE},
	title = {MAAD-{Face}: A {Massively} {Annotated} {Attribute} {Dataset} for {Face} {Images}},
	volume = {16},
}
@inproceedings{terhörst2020beyond,
	author = {Terh{\" o}rst, Philipp and F{\" a}hrmann, Daniel and Damer, Naser and Kirchbuchner, Florian and Kuijper, Arjan},
	booktitle = {International {Joint} {Conference} on {Biometrics} ({IJCB})},
	year = {2020},
	pages = {1--10},
	organization = {},
	title = {Beyond {Identity}: What {Information} {Is} {Stored} in {Biometric} {Face} {Templates}?},
	volume = {},
}
@inproceedings{karkkainen2021fairface,
	author = {Karkkainen, Kimmo and Joo, Jungseock},
	booktitle = {2021 {IEEE} {Winter} {Conference} on {Applications} of {Computer} {Vision} ({WACV})},
	year = {2021},
	pages = {},
	organization = {IEEE},
	title = {FairFace: Face {Attribute} {Dataset} for {Balanced} {Race}, {Gender}, and {Age} for {Bias} {Measurement} and {Mitigation}},
	volume = {},
}
@article{Gonzalez2018Facial,
	author = {Gonzalez-Sosa, Ester and Fierrez, Julian and Vera-Rodriguez, Ruben and Alonso-Fernandez, Fernando},
	journal = {IEEE Transactions on Information Forensics and Security},
	number = {8},
	year = {2018},
	pages = {2001--2014},
	publisher = {IEEE},
	title = {Facial {Soft} {Biometrics} for {Recognition} in the {Wild}: Recent {Works}, {Annotation}, and {COTS} {Evaluation}},
	volume = {13},
}

@article{merler2019diversity,
	author = {Merler, Michele and Ratha, Nalini K. and Feris, Rog{\' e}rio Schmidt and Smith, John R.},
	journal = {ArXiv},
	year = {2019},
	pages = {},
	publisher = {},
	title = {Diversity in {Faces}},
	volume = {abs/1901.10436},
}

@inproceedings{macqueen1967some,
    title={Some methods for classification and analysis of multivariate observations},
    author={MacQueen, James and others},
    booktitle={Proceedings of the fifth Berkeley symposium on mathematical statistics and probability},
    series={1},
    number={14},
    pages={281--297},
    year={1967},
    organization={Oakland, CA, USA}
}

@article{parzen1962estimation,
  title={On estimation of a probability density function and mode},
  author={Parzen, Emanuel},
  journal={The annals of mathematical statistics},
  volume={33},
  number={3},
  pages={1065--1076},
  year={1962},
  publisher={JSTOR}
}

@article{davis2011remarks,
  title={Remarks on some nonparametric estimates of a density function},
  author={Davis, Richard A and Lii, Keh-Shin and Politis, Dimitris N},
  journal={Selected Works of Murray Rosenblatt},
  pages={95--100},
  year={2011},
  publisher={Springer}
}

@article{zhang2016joint,
  title={Joint face detection and alignment using multitask cascaded convolutional networks},
  author={Zhang, Kaipeng and Zhang, Zhanpeng and Li, Zhifeng and Qiao, Yu},
  journal={IEEE signal processing letters},
  volume={23},
  number={10},
  pages={1499--1503},
  year={2016},
  publisher={IEEE}
}

@inproceedings{terhorst2019reliable,
	author = {Terhorst, Philipp and Huber, Marco and Kolf, Jan Niklas and Zelch, Ines and Damer, Naser and Kirchbuchner, Florian and Kuijper, Arjan},
	booktitle = {2019 {IEEE} 10th {International} {Conference} on {Biometrics} {Theory}, {Applications} and {Systems} ({BTAS})},
	year = {2019},
	pages = {},
	organization = {IEEE},
	title = {Reliable {Age} and {Gender} {Estimation} from {Face} {Images}: Stating the {Confidence} of {Model} {Predictions}},
	volume = {},
}




@inproceedings{schroff2015facenet,
  title={Facenet: A unified embedding for face recognition and clustering},
  author={Schroff, Florian and Kalenichenko, Dmitry and Philbin, James},
  booktitle={Proceedings of the IEEE conference on computer vision and pattern recognition},
  pages={815--823},
  year={2015}
}


@article{kullback1951information,
  title={On information and sufficiency},
  author={Kullback, Solomon and Leibler, Richard A},
  journal={The annals of mathematical statistics},
  volume={22},
  number={1},
  pages={79--86},
  year={1951},
  publisher={JSTOR}
}