@software{rep:QON,
	author = {Morgillo, Angela Rosy and Roncallo, Simone},
	url = {https://github.com/simoneroncallo/quantum-optical-neuron},
	note = {\url{https://github.com/simoneroncallo/quantum-optical-neuron}}
}

@book{book:Saleh,
  	title = {Fundamentals of Photonics},
  	author = {Saleh, Bahaa E. A. and Teich, Malvin Carl},
  	doi = {10.1002/0471213748},
  	year = {1991},
  	publisher = {Wiley}
}

@article{art:Mandel,
  	title = {Measurement of subpicosecond time intervals between two photons by interference},
  	author = {Hong, C. K. and Ou, Z. Y. and Mandel, L.},
  	journal = {Phys. Rev. Lett.},
  	volume = {59},
  	issue = {18},
  	pages = {2044--2046},
  	year = {1987},
  	doi = {10.1103/PhysRevLett.59.2044},
  	url = {https://doi.org/10.1103/PhysRevLett.59.2044}
}

@article{art:Kolobov,
 	title = {The spatial behavior of nonclassical light},
 	author = {Kolobov, Mikhail I.},
  	journal = {Rev. Mod. Phys.},
  	volume = {71},
  	issue = {5},
  	pages = {1539--1589},
  	numpages = {0},
  	year = {1999},
  	month = {Oct},
  	publisher = {American Physical Society},
  	doi = {10.1103/RevModPhys.71.1539},
  	url = {https://doi.org/10.1103/RevModPhys.71.1539}
}

@article{art:Fabre,
	year = {2008},
	month = {jan},
	volume = {81},
	number = {4},
	pages = {44001},
	author = {V. Delaubert and N. Treps and C. Fabre and H. A. Bachor and P. Réfrégier},
	title = {Quantum limits in image processing},
journal = {EPL},
	doi = {10.1209/0295-5075/81/44001},
	url = {https://dx.doi.org/10.1209/0295-5075/81/44001}
}


@article{art:Boyle,
  	author = {Boyle, W. S. and Smith, G. E.},
 	journal = {Bell Syst. Tech. J.}, 
  	title = {Charge coupled semiconductor devices}, 
  	year = {1970},
  	volume = {49},
  	number = {4},
  	pages = {587-593},
  	doi = {10.1002/j.1538-7305.1970.tb01790.x},
  	url = {https://doi.org/10.1002/j.1538-7305.1970.tb01790.x}
}

@article{art:Rezai,
  	author = {Rezai, Mohammad and Salehi, Jawad A.},
  	journal = {IEEE Trans. Quantum Eng.}, 
  	title = {Fundamentals of Quantum {F}ourier Optics}, 
  	year = {2022},
  	volume = {4},
  	pages = {1-22},
  	doi = {10.1109/TQE.2022.3224799},
  	url = {https://doi.org/10.1109/TQE.2022.3224799}
}

@article{art:Bowie,
   title = {Quantum kernel evaluation via {H}ong–{O}u–{M}andel interference},
   volume = {9},
   url = {https://doi.org/10.1088/2058-9565/acfba9},
   doi = {10.1088/2058-9565/acfba9},
   number = {1},
   journal = {Quantum Sci. Technol.},
   author={Bowie, C and Shrapnel, S and Kewming, M J},
   year={2023},
   pages={015001}
}

@misc{art:Wood,
      title = {A {K}err kernel quantum learning machine}, 
      author = {Carolyn Wood and Sally Shrapnel and G J Milburn},
      year = {2024},
      eprint = {2404.01787},
      archivePrefix = {arXiv},
      primaryClass = {quant-ph}
}

@misc{art:Branczyk,
      title={Hong-{O}u-{M}andel Interference}, 
      author={Agata M. Brańczyk},
      year={2017},
      eprint={1711.00080},
      archivePrefix={arXiv},
      primaryClass={quant-ph}
}

@article{art:Neff,
  	author={Neff, J.A. and Athale, R.A. and Lee, S.H.},
	journal={Proc. IEEE}, 
  	title={Two-dimensional spatial light modulators: a tutorial}, 
  	year={1990},
  	volume={78},
  	number={5},
  	pages={826-855},
  	doi={10.1109/5.53402},
  	url={https://doi.org/10.1109/5.53402}
}

@article{art:Zhang,
  	author={Zhang, Z. and You, Z. and Chu, D.},
	journal={Light Sci. Appl.}, 
  	title={Fundamentals of phase-only liquid crystal on silicon ({LCOS}) devices}, 
  	year={2014},
  	volume={3},
  	pages={e213},
  	doi={10.1038/lsa.2014.94},
  	url={https://doi.org/10.1038/lsa.2014.94}
}

@article{art:Shastri,
   title = {Photonics for artificial intelligence and neuromorphic computing},
   volume = {15},
   ISSN = {1749-4893},
   url = {https://doi.org/10.1038/s41566-020-00754-y},
   doi = {10.1038/s41566-020-00754-y},
   number = {2},
   journal={Nat. Photon.},
   author = {Shastri, Bhavin J. and Tait, Alexander N. and Ferreira de Lima, T. and Pernice, Wolfram H. P. and Bhaskaran, Harish and Wright, C. D. and Prucnal, Paul R.},
   year = {2021},
   pages = {102–114}
}

@article{art:Lin,
   title = {All-optical machine learning using diffractive deep neural networks},
   volume = {361},
   ISSN = {1095-9203},
   url = {https://doi.org/10.1126/science.aat8084},
   doi = {10.1126/science.aat8084},
   number = {6406},
   journal = {Science},
   author = {Lin, Xing and Rivenson, Yair and Yardimci, Nezih T. and Veli, Muhammed and Luo, Yi and Jarrahi, Mona and Ozcan, Aydogan},
   year = {2018},
   pages = {1004–1008} 
}

@article{art:Zuo,
	author = {Ying Zuo and Bohan Li and Yujun Zhao and Yue Jiang and You-Chiuan Chen and Peng Chen and Gyu-Boong Jo and Junwei Liu and Shengwang Du},
	journal = {Optica},
	number = {9},
	pages = {1132--1137},
	publisher = {Optica Publishing Group},
	title = {All-optical neural network with nonlinear activation functions},
	volume = {6},
	month = {Sep},
	year = {2019},
	url = {https://doi.org/10.1364/OPTICA.6.001132},
	doi = {10.1364/OPTICA.6.001132}
}

@article{art:Colburn,
	author = {Shane Colburn and Yi Chu and Eli Shilzerman and Arka Majumdar},
	journal = {Appl. Opt.},
	number = {12},
	pages = {3179--3186},
	publisher = {Optica Publishing Group},
	title = {Optical frontend for a convolutional neural network},
	volume = {58},
	month = {Apr},
	year = {2019},
	url = {https://doi.org/10.1364/AO.58.003179},
	doi = {10.1364/AO.58.003179}
}

@article{art:Li,
	author = {Shikang Li and Baohua Ni and Xue Feng and Kaiyu Cui and Fang Liu and Wei Zhang and Yidong Huang},
	journal = {Opt. Express},
	number = {17},
	pages = {26474--26485},
	publisher = {Optica Publishing Group},
	title = {All-optical image identification with programmable matrix transformation},
	volume = {29},
	month = {Aug},
	year = {2021},
	url = {https://doi.org/10.1364/OE.430281s},
	doi = {10.1364/OE.430281}
}

@article{art:Luo,
   title = {Computational imaging without a computer: seeing through random diffusers at the speed of light},
   volume = {2},
   number = {1},
   pages = {4},
   journal = {eLight},
   author = {Luo, Yi and Zhao, Yifan and Li, Jingxi and Çetintaş, Ege and Rivenson, Yair and Jarrahi, Mona and Ozcan, Aydogan},
   year = {2022},
   url = {https://doi.org/10.1186/s43593-022-00012-4},
   doi = {10.1186/s43593-022-00012-4}
}

@article{art:McMahon,
   title = {The physics of optical computing},
   volume = {5},
   url = {https://doi.org/10.1038/s42254-023-00645-5},
   DOI = {10.1038/s42254-023-00645-5},
   number = {12},
   journal = {Nat. Rev. Phys.},
   author = {McMahon, Peter L.},
   year = {2023},
   pages = {717–734}
}

@article{art:Tacchino,
   title={An artificial neuron implemented on an actual quantum processor},
   volume={5},
   pages = {26},
   url = {https://doi.org/10.1038/s41534-019-0140-4},
   DOI = {10.1038/s41534-019-0140-4},
   journal = {Npj Quantum Inf.},
   author = {Tacchino, Francesco and Macchiavello, Chiara and Gerace, Dario and Bajoni, Daniele},
   year = {2019}
}

@article{art:Mangini,
   title = {Continuous variable quantum perceptron},
   volume = {17},
   url = {https://doi.org/10.1142/s0219749919410090},
   doi = {10.1142/s0219749919410090},
   number = {08},
   journal = {Int. J. Quantum Inf.},
   author = {Benatti, F. and Mancini, S. and Mangini, S.},
   year = {2019},
   pages = {1941009}
}

@article{art:Cerezo1,
   title = {Variational quantum algorithms},
   volume = {3},
   url = {https://doi.org/10.1038/s42254-021-00348-9},
   doi = {10.1038/s42254-021-00348-9},
   number = {9},
   journal = {Nat. Rev. Phys.},
   author = {Cerezo, M. and Arrasmith, Andrew and Babbush, Ryan and Benjamin, Simon C. and Endo, Suguru and Fujii, Keisuke and McClean, Jarrod R. and Mitarai, Kosuke and Yuan, Xiao and Cincio, Lukasz and Coles, Patrick J.},
   year={2021},
   pages={625–644}
}

@misc{art:Cerezo2,
      title = {Does provable absence of barren plateaus imply classical simulability? {O}r, why we need to rethink variational quantum computing}, 
      author = {M. Cerezo and Martin Larocca and Diego García-Martín and N. L. Diaz and Paolo Braccia and Enrico Fontana and Manuel S. Rudolph and Pablo Bermejo and Aroosa Ijaz and Supanut Thanasilp and Eric R. Anschuetz and Zoë Holmes},
      year = {2024},
      eprint = {2312.09121},
      archivePrefix = {arXiv},
      primaryClass = {quant-ph}
}

@article{art:Steinbrecher,
   title = {Quantum optical neural networks}, 
   author = {Gregory R. Steinbrecher and Jonathan P. Olson and Dirk Englund and Jacques Carolan},
   volume={5},
   pages = {60},
   url = {https://doi.org/10.1038/s41534-019-0174-7},
   DOI = {10.1038/s41534-019-0174-7},
   journal = {Npj Quantum Inf.},
   year = {2019}
}

@article{art:Killoran,
  title = {Continuous-variable quantum neural networks},
  author = {Killoran, Nathan and Bromley, Thomas R. and Arrazola, Juan Miguel and Schuld, Maria and Quesada, Nicol\'as and Lloyd, Seth},
  journal = {Phys. Rev. Res.},
  volume = {1},
  issue = {3},
  pages = {033063},
  numpages = {22},
  year = {2019},
  doi = {10.1103/PhysRevResearch.1.033063},
  url = {https://doi.org/10.1103/PhysRevResearch.1.033063}
}

@article{art:Sui,
  author = {Sui, Xiubao and Wu, Qiuhao and Liu, Jia and Chen, Qian and Gu, Guohua},
  journal = {IEEE Access}, 
  title = {A Review of Optical Neural Networks}, 
  year = {2020},
  volume = {8},
  pages = {70773-70783},
  doi = {10.1109/ACCESS.2020.2987333},
  url = {https://doi.org/10.1109/ACCESS.2020.2987333}
}

@article{art:Stanev,
  title = {Deterministic optimal quantum cloning via a quantum-optical neural network},
  author = {Stanev, Denis and Spagnolo, Nicol\`o and Sciarrino, Fabio},
  journal = {Phys. Rev. Res.},
  volume = {5},
  issue = {1},
  pages = {013139},
  numpages = {11},
  year = {2023},
  doi = {10.1103/PhysRevResearch.5.013139},
  url = {https://doi.org/10.1103/PhysRevResearch.5.013139}
}

@article{art:Senokosov,
   title = {Quantum machine learning for image classification},
   volume = {5},
   url = {https://doi.org/10.1088/2632-2153/ad2aef},
   doi = {10.1088/2632-2153/ad2aef},
   number = {1},
   journal = {Mach. Learn.: Sci. Technol.},
   author = {Senokosov, Arsenii and Sedykh, Alexandr and Sagingalieva, Asel and Kyriacou, Basil and Melnikov, Alexey},
   year = {2024},
   pages={015040}
}

@inproceedings{art:Bengio,
	author = {Collobert, Ronan and Bengio, Samy},
	title = {Links between perceptrons, {MLP}s and {SVM}s},
	isbn = {1581138385},
	booktitle = {Proceedings of the Twenty-First International Conference on Machine Learning},
	pages = {23},
	series = {ICML '04},
	url = {https://doi.org/10.1145/1015330.1015415},
	doi = {10.1145/1015330.1015415}
}


@inproceedings{art:Glorot,
  	title = {Understanding the difficulty of training deep feedforward neural networks},
  	author = {Glorot, Xavier and Bengio, Yoshua},
  	booktitle = 	{Proceedings of the Thirteenth International Conference on Artificial Intelligence and Statistics},
  	pages = {249--256},
  	year = {2010},
  	volume = {9},
  	series = {PMLR},
  	url = 	 {https://proceedings.mlr.press/v9/glorot10a.html}}
}


@article{art:Rosenblatt,
    author = {Rosenblatt, F.},
    title = {The perceptron: {A} probabilistic model for information storage and organization in the brain},
    year = {1958},
    journal = {Psychol. Rev.},
    volume = {65},
   	number = {6},
   	pages = {386-408},
    doi = {10.1037/h0042519},
    url = {https://doi.org/10.1037/h0042519}
}

@article{art:LeNet,
  	author = {Lecun, Y. and Bottou, L. and Bengio, Y. and Haffner, P.},
  	journal = {Proc. IEEE}, 
  	title = {Gradient-based learning applied to document recognition}, 
  	year = {1998},
  	volume = {86},
  	number = {11},
  	pages = {2278-2324},
  	doi = {10.1109/5.726791},
  	url = {https://doi.org/10.1109/5.726791}
}

@article{art:AlexNet,
	author = {Krizhevsky, Alex and Sutskever, Ilya and Hinton, Geoffrey E.},
	title = {Image{N}et classification with deep convolutional neural networks},
	year = {2017},
	volume = {60},
	number = {6},
	issn = {0001-0782},
	url = {https://doi.org/10.1145/3065386},
	doi = {10.1145/3065386},
	journal = {Commun. ACM},
	pages = {84–90}
}

@inproceedings{art:ResNet,
  	author = {He, Kaiming and Zhang, Xiangyu and Ren, Shaoqing and Sun, Jian},
  	booktitle = {IEEE Conference on Computer Vision and Pattern Recognition}, 
  	title = {Deep Residual Learning for Image Recognition}, 
  	series = {CVPR '16},
  	volume = {},
  	number = {},
  	pages = {770},
 	doi = {10.1109/CVPR.2016.90},
 	url = {https://doi.org/10.1109/CVPR.2016.90}
}

@inproceedings{art:ViT,
	title = {An Image is Worth 16x16 Words: Transformers for Image Recognition at Scale},
	author = {Alexey Dosovitskiy and Lucas Beyer and Alexander Kolesnikov and Dirk Weissenborn and Xiaohua Zhai and Thomas Unterthiner and Mostafa Dehghani and Matthias Minderer and Georg Heigold and Sylvain Gelly and Jakob Uszkoreit and Neil Houlsby},
	booktitle = {International Conference on Learning Representations},
	series = {ICLR '21},
	eprint={2010.11929},
    archivePrefix={arXiv},
    primaryClass={cs.CV}
}

@article{art:Santosa,
	author = {Santosa, Fadil and Symes, William W.},
	title = {Linear Inversion of Band-Limited Reflection Seismograms},
	year = {1986},
	volume = {7},
	number = {4},
	journal = {SIAM J. Sci. Stat. Comput.},
	pages = {1307–1330},
	doi = {10.1137/0907087},
	url = {https://doi.org/10.1137/0907087}
}

@article{art:Tikhonov,
	author = {A.N. Tikhonov and V.B. Glasko},
	title = {Use of the regularization method in non-linear problems},
	journal = {{USSR} Comput. Math. Math. Phys.},
	volume = {5},
	number = {3},
	pages = {93-107},
	year = {1965},
	doi = {10.1016/0041-5553(65)90150-3},
	url = {https://doi.org/10.1016/0041-5553(65)90150-3}
}

@book{book:Rotondi,
  	title={Probability, Statistics and Simulation: With Application Programs Written in R},
  	author={Rotondi, A. and Pedroni, P. and Pievatolo, A.},
  	doi={10.1007/978-3-031-09429-3},
  	url={https://doi.org/10.1007/978-3-031-09429-3},
  	year={2022},
  	publisher={Springer}
}

@software{soft:TensorFlow,
  author = {{Tensor{F}low Developers}},
  title = {Tensor{F}low},
  year = {2023},
  publisher = {Zenodo},
  version = {v2.15.0},
  doi = {10.5281/zenodo.10126399},
  url = {https://doi.org/10.5281/zenodo.10126399}
}