@String(PAMI = {IEEE Trans. Pattern Anal. Mach. Intell.})
@String(IJCV = {Int. J. Comput. Vis.})
@String(CVPR= {IEEE Conf. Comput. Vis. Pattern Recog.})
@String(ICCV= {Int. Conf. Comput. Vis.})
@String(ECCV= {Eur. Conf. Comput. Vis.})
@String(NIPS= {Adv. Neural Inform. Process. Syst.})
@String(ICPR = {Int. Conf. Pattern Recog.})
@String(BMVC= {Brit. Mach. Vis. Conf.})
@String(TOG= {ACM Trans. Graph.})
@String(TIP  = {IEEE Trans. Image Process.})
@String(TVCG  = {IEEE Trans. Vis. Comput. Graph.})
@String(TMM  = {IEEE Trans. Multimedia})
@String(ACMMM= {ACM Int. Conf. Multimedia})
@String(ICME = {Int. Conf. Multimedia and Expo})
@String(ICASSP=	{ICASSP})
@String(ICIP = {IEEE Int. Conf. Image Process.})
@String(ACCV  = {ACCV})
@String(ICLR = {Int. Conf. Learn. Represent.})
@String(IJCAI = {IJCAI})
@String(PR   = {Pattern Recognition})
@String(AAAI = {AAAI})
@String(CVPRW= {IEEE Conf. Comput. Vis. Pattern Recog. Worksh.})
@String(CSVT = {IEEE Trans. Circuit Syst. Video Technol.})

@String(SPL	= {IEEE Sign. Process. Letters})
@String(VR   = {Vis. Res.})
@String(JOV	 = {J. Vis.})
@String(TVC  = {The Vis. Comput.})
@String(JCST  = {J. Comput. Sci. Tech.})
@String(CGF  = {Comput. Graph. Forum})
@String(CVM = {Computational Visual Media})


@String(PAMI  = {IEEE TPAMI})
@String(IJCV  = {IJCV})
@String(CVPR  = {CVPR})
@String(ICCV  = {ICCV})
@String(ECCV  = {ECCV})
@String(NIPS  = {NeurIPS})
@String(ICPR  = {ICPR})
@String(BMVC  =	{BMVC})
@String(TOG   = {ACM TOG})
@String(TIP   = {IEEE TIP})
@String(TVCG  = {IEEE TVCG})
@String(TCSVT = {IEEE TCSVT})
@String(TMM   =	{IEEE TMM})
@String(ACMMM = {ACM MM})
@String(ICME  =	{ICME})
@String(ICASSP=	{ICASSP})
@String(ICIP  = {ICIP})
@String(ACCV  = {ACCV})
@String(ICLR  = {ICLR})
@String(IJCAI = {IJCAI})
@String(PR = {PR})
@String(AAAI = {AAAI})
@String(CVPRW= {CVPRW})
@String(CSVT = {IEEE TCSVT})


@article{ge2021yolox,
  title={Yolox: Exceeding yolo series in 2021},
  author={Ge, Zheng and Liu, Songtao and Wang, Feng and Li, Zeming and Sun, Jian},
  journal={arXiv:2107.08430},
  year={2021}
}

@inproceedings{shi2023yolov,
  title={YOLOV: making still image object detectors great at video object detection},
  author={Shi, Yuheng and Wang, Naiyan and Guo, Xiaojie},
  booktitle={Proceedings of the AAAI Conference on Artificial Intelligence and Interactive Digital Entertainment (AAAI)},
  volume={37},
  number={2},
  pages={2254--2262},
  year={2023}
}

@inproceedings{sabater2020robust,
  title={Robust and efficient post-processing for video object detection},
  author={Sabater, Alberto and Montesano, Luis and Murillo, Ana C},
  booktitle={2020 IEEE/RSJ International Conference on Intelligent Robots and Systems (IROS)},
  pages={10536--10542},
  year={2020},
  organization={IEEE}
}

@inproceedings{mattolin2023confmix,
  title={ConfMix: Unsupervised Domain Adaptation for Object Detection via Confidence-based Mixing},
  author={Mattolin, Giulio and Zanella, Luca and Ricci, Elisa and Wang, Yiming},
  booktitle={Proceedings of the IEEE/CVF Winter Conference on Applications of Computer Vision},
  pages={423--433},
  year={2023}
}

@inproceedings{hoyer2023mic,
  title={MIC: Masked image consistency for context-enhanced domain adaptation},
  author={Hoyer, Lukas and Dai, Dengxin and Wang, Haoran and Van Gool, Luc},
  booktitle={Proceedings of the IEEE/CVF Conference on Computer Vision and Pattern Recognition (CVPR)},
  pages={11721--11732},
  year={2023}
}

@article{liu2022deep,
  title={Deep unsupervised domain adaptation: A review of recent advances and perspectives},
  author={Liu, Xiaofeng and Yoo, Chaehwa and Xing, Fangxu and Oh, Hyejin and El Fakhri, Georges and Kang, Je-Won and Woo, Jonghye and others},
  journal={APSIPA Transactions on Signal and Information Processing},
  volume={11},
  number={1},
  year={2022},
  publisher={Now Publishers, Inc.}
}

@article{oza2023unsupervised,
  title={Unsupervised domain adaptation of object detectors: A survey},
  author={Oza, Poojan and Sindagi, Vishwanath A and Sharmini, Vibashan Vishnukumar and Patel, Vishal M},
  journal={IEEE Transactions on Pattern Analysis and Machine Intelligence},
  year={2023},
  pages={1 - 24},
  publisher={IEEE}
}

@inproceedings{li2023source,
  title={Source-Free Video Domain Adaptation With Spatial-Temporal-Historical Consistency Learning},
  author={Li, Kai and Patel, Deep and Kruus, Erik and Min, Martin Renqiang},
  booktitle={Proceedings of the IEEE/CVF Conference on Computer Vision and Pattern Recognition (CVPR)},
  pages={14643--14652},
  year={2023}
}

@inproceedings{lo2023spatio,
  title={Spatio-temporal pixel-level contrastive learning-based source-free domain adaptation for video semantic segmentation},
  author={Lo, Shao-Yuan and Oza, Poojan and Chennupati, Sumanth and Galindo, Alejandro and Patel, Vishal M},
  booktitle={Proceedings of the IEEE/CVF Conference on Computer Vision and Pattern Recognition (CVPR)},
  pages={10534--10543},
  year={2023}
}

@inproceedings{cao2023contrastive,
  title={Contrastive Mean Teacher for Domain Adaptive Object Detectors},
  author={Cao, Shengcao and Joshi, Dhiraj and Gui, Liang-Yan and Wang, Yu-Xiong},
  booktitle={Proceedings of the IEEE/CVF Conference on Computer Vision and Pattern Recognition (CVPR)},
  pages={23839--23848},
  year={2023}
}

@inproceedings{sasagawa2020yolo,
  title={Yolo in the dark-domain adaptation method for merging multiple models},
  author={Sasagawa, Yukihiro and Nagahara, Hajime},
  booktitle={European Conference on Computer Vision (ECCV)},
  pages={345--359},
  year={2020},
  organization={Springer}
}

@inproceedings{zhang2021domain,
  title={Domain adaptive YOLO for one-stage cross-domain detection},
  author={Zhang, Shizhao and Tuo, Hongya and Hu, Jian and Jing, Zhongliang},
  booktitle={Asian Conference on Machine Learning},
  pages={785--797},
  year={2021},
  organization={PMLR}
}

@article{zhou2023ssda,
  title={SSDA-YOLO: Semi-supervised domain adaptive YOLO for cross-domain object detection},
  author={Zhou, Huayi and Jiang, Fei and Lu, Hongtao},
  journal={Computer Vision and Image Understanding},
  volume={229},
  pages={103649},
  year={2023},
  publisher={Elsevier}
}

@inproceedings{li2022cross,
  title={Cross-domain adaptive teacher for object detection},
  author={Li, Yu-Jhe and Dai, Xiaoliang and Ma, Chih-Yao and Liu, Yen-Cheng and Chen, Kan and Wu, Bichen and He, Zijian and Kitani, Kris and Vajda, Peter},
  booktitle={Proceedings of the IEEE/CVF International Conference on Computer Vision (ICCV)},
  pages={7581--7590},
  year={2022}
}

@inproceedings{wang2023yolov7,
  title={YOLOv7: Trainable bag-of-freebies sets new state-of-the-art for real-time object detectors},
  author={Wang, Chien-Yao and Bochkovskiy, Alexey and Liao, Hong-Yuan Mark},
  booktitle={Proceedings of the IEEE/CVF International Conference on Computer Vision (ICCV)},
  pages={7464--7475},
  year={2023}
}

@inproceedings{vs2023towards,
  title={Towards online domain adaptive object detection},
  author={VS, Vibashan and Oza, Poojan and Patel, Vishal M},
  booktitle={Proceedings of the IEEE/CVF Winter Conference on Applications of Computer Vision (WACV)},
  pages={478--488},
  year={2023}
}

@inproceedings{vibashan2023instance,
  title={Instance relation graph guided source-free domain adaptive object detection},
  author={Vibashan, VS and Oza, Poojan and Patel, Vishal M},
  booktitle={Proceedings of the IEEE/CVF Conference on Computer Vision and Pattern Recognition (CVPR)},
  pages={3520--3530},
  year={2023}
}

@inproceedings{roychowdhury2019automatic,
  title={Automatic adaptation of object detectors to new domains using self-training},
  author={RoyChowdhury, Aruni and Chakrabarty, Prithvijit and Singh, Ashish and Jin, SouYoung and Jiang, Huaizu and Cao, Liangliang and Learned-Miller, Erik},
  booktitle={Proceedings of the IEEE/CVF International Conference on Computer Vision (ICCV)},
  pages={780--790},
  year={2019}
}


@inproceedings{li2021free,
  title={A free lunch for unsupervised domain adaptive object detection without source data},
  author={Li, Xianfeng and Chen, Weijie and Xie, Di and Yang, Shicai and Yuan, Peng and Pu, Shiliang and Zhuang, Yueting},
  booktitle={Proceedings of the AAAI Conference on Artificial Intelligence and Interactive Digital Entertainment (AAAI)},
  year={2021}
}

@inproceedings{li2022source,
  title={Source-free object detection by learning to overlook domain style},
  author={Li, Shuaifeng and Ye, Mao and Zhu, Xiatian and Zhou, Lihua and Xiong, Lin},
  booktitle={Proceedings of the IEEE/CVF Conference on Computer Vision and Pattern Recognition (CVPR)},
  pages={8014--8023},
  year={2022}
}

@INPROCEEDINGS {run_and_chase,
title = {Run and Chase: Towards Accurate Source-Free Domain Adaptive Object Detection},
author = {L. Lin and Z. Yang and Q. Liu and Y. Yu and Q. Lin},
booktitle = {IEEE International Conference on Multimedia and Expo (ICME)},
pages = {2453-2458},
publisher = {IEEE Computer Society},
}

@article{faster_rcnn,
  title={{Faster R-CNN}: Towards real-time object detection with region proposal networks},
  author={Ren, Shaoqing and He, Kaiming and Girshick, Ross and Sun, Jian},
  journal={Advances in neural information processing systems},
  year={2015}
}

@inproceedings{YOLOv1,
  title={You only look once: Unified, real-time object detection},
  author={Redmon, Joseph and Divvala, Santosh and Girshick, Ross and Farhadi, Ali},
  booktitle={Proceedings of the IEEE/CVF Conference on Computer Vision and Pattern Recognition (CVPR)},
  pages={779--788},
  year={2016}
}

@inproceedings{yolov2,
  title={YOLO9000: better, faster, stronger},
  author={Redmon, Joseph and Farhadi, Ali},
  booktitle={Proceedings of the IEEE/CVF Conference on Computer Vision and Pattern Recognition (CVPR)},
  pages={7263--7271},
  year={2017}
}

@article{yolov3,
  title={Yolov3: An incremental improvement},
  author={Redmon, Joseph and Farhadi, Ali},
  journal={arXiv preprint arXiv:1804.02767},
  year={2018}
}

@article{yolov4,
  title={Yolov4: Optimal speed and accuracy of object detection},
  author={Bochkovskiy, Alexey and Wang, Chien-Yao and Liao, Hong-Yuan Mark},
  journal={arXiv preprint arXiv:2004.10934},
  year={2020}
}


@inproceedings{liu2016ssd,
  title={{SSD}: Single shot multibox detector},
  author={Liu, Wei and Anguelov, Dragomir and Erhan, Dumitru and Szegedy, Christian and Reed, Scott and Fu, Cheng-Yang and Berg, Alexander C},
  booktitle={European Conference on Computer Vision (ECCV)},
  pages={21--37},
  year={2016},
  organization={Springer}
}



@article{xiong2021source,
  title={Source data-free domain adaptation of object detector through domain-specific perturbation},
  author={Xiong, Lin and Ye, Mao and Zhang, Dan and Gan, Yan and Li, Xue and Zhu, Yingying},
  journal={International Journal of Intelligent Systems},
  volume={36},
  number={8},
  pages={3746--3766},
  year={2021},
  publisher={Wiley Online Library}
}

@inproceedings{liang2020we,
  title={Do we really need to access the source data? source hypothesis transfer for unsupervised domain adaptation},
  author={Liang, Jian and Hu, Dapeng and Feng, Jiashi},
  booktitle={International Conference on Machine Learning},
  pages={6028--6039},
  year={2020},
  publisher={PMLR}
}

@article{tarvainen2017mean,
  title={Mean teachers are better role models: Weight-averaged consistency targets improve semi-supervised deep learning results},
  author={Tarvainen, Antti and Valpola, Harri},
  journal={Advances in neural information processing systems},
  volume={30},
  year={2017}
}

@inproceedings{maurya2023domain,
  title={Domain Adaptation using Self-Training with Mixup for One-Stage Object Detection},
  author={Maurya, Jitender and Ranipa, Keyur R and Yamaguchi, Osamu and Shibata, Tomoyuki and Kobayashi, Daisuke},
  booktitle={Proceedings of the IEEE/CVF Winter Conference on Applications of Computer Vision (WACV)},
  pages={4178--4187},
  year={2023},
  organization={IEEE}
}

@inproceedings{li2023domain,
  title={Domain adaptive object detection for autonomous driving under foggy weather},
  author={Li, Jinlong and Xu, Runsheng and Ma, Jin and Zou, Qin and Ma, Jiaqi and Yu, Hongkai},
  booktitle={Proceedings of the IEEE/CVF Winter Conference on Applications of Computer Vision},
  pages={612--622},
  year={2023}
}

@inproceedings{zhang2023object,
  title={Object Detection With Self-Supervised Scene Adaptation},
  author={Zhang, Zekun and Hoai, Minh},
  booktitle={Proceedings of the IEEE/CVF Conference on Computer Vision and Pattern Recognition (CVPR)},
  pages={21589--21599},
  year={2023}
}

@inproceedings{liu2022unbiased,
  title={Unbiased teacher v2: Semi-supervised object detection for anchor-free and anchor-based detectors},
  author={Liu, Yen-Cheng and Ma, Chih-Yao and Kira, Zsolt},
  booktitle={Proceedings of the IEEE/CVF Conference on Computer Vision and Pattern Recognition (CVPR)},
  pages={9819--9828},
  year={2022}
}

@inproceedings{khodabandeh2019robust,
  title={A robust learning approach to domain adaptive object detection},
  author={Khodabandeh, Mehran and Vahdat, Arash and Ranjbar, Mani and Macready, William G},
  booktitle={Proceedings of the IEEE/CVF International Conference on Computer Vision (ICCV)},
  pages={480--490},
  year={2019}
}

@article{arani2022comprehensive,
  title={A Comprehensive Study of Real-Time Object Detection Networks Across Multiple Domains: A Survey},
  author={Arani, Elahe and Gowda, Shruthi and Mukherjee, Ratnajit and Magdy, Omar and Kathiresan, Senthilkumar Sockalingam and Zonooz, Bahram},
  journal={Transactions on Machine Learning Research},
  year={2022}
}

@inproceedings{mirza2022norm,
  title={The norm must go on: Dynamic unsupervised domain adaptation by normalization},
  author={Mirza, M Jehanzeb and Micorek, Jakub and Possegger, Horst and Bischof, Horst},
  booktitle={Proceedings of the IEEE/CVF Conference on Computer Vision and Pattern Recognition (CVPR)},
  pages={14765--14775},
  year={2022}
}

@inproceedings{tang2023consistency,
  title={Consistency Regularization for Generalizable Source-free Domain Adaptation},
  author={Tang, Longxiang and Li, Kai and He, Chunming and Zhang, Yulun and Li, Xiu},
  booktitle={Proceedings of the IEEE/CVF International Conference on Computer Vision (ICCV)},
  pages={4323--4333},
  year={2023}
}

@inproceedings{hashmi2023featenhancer,
  title={FeatEnHancer: Enhancing Hierarchical Features for Object Detection and Beyond Under Low-Light Vision},
  author={Hashmi, Khurram Azeem and Kallempudi, Goutham and Stricker, Didier and Afzal, Muhammad Zeshan},
  booktitle={Proceedings of the IEEE/CVF International Conference on Computer Vision (ICCV)},
  pages={6725--6735},
  year={2023}
}

@article{jeon2023raw,
  title={DA-RAW: Domain Adaptive Object Detection for Real-World Adverse Weather Conditions},
  author={Jeon, Minsik and Seo, Junwon and Min, Jihong},
  journal={arXiv preprint arXiv:2309.08152},
  year={2023}
}

@inproceedings{chen2023exploiting,
  title={Exploiting Low-confidence Pseudo-labels for Source-free Object Detection},
  author={Chen, Zhihong and Wang, Zilei and Zhang, Yixin},
  booktitle={Proceedings of the ACM International Conference on Multimedia},
  pages={5370--5379},
  year={2023}
}

@inproceedings{liu2023periodically,
  title={Periodically exchange teacher-student for source-free object detection},
  author={Liu, Qipeng and Lin, Luojun and Shen, Zhifeng and Yang, Zhifeng},
  booktitle={Proceedings of the IEEE/CVF International Conference on Computer Vision (ICCV)},
  pages={6414--6424},
  year={2023}
}

@inproceedings{dasgupta2022overcoming,
  title={Overcoming Label Noise for Source-free Unsupervised Video Domain Adaptation},
  author={Dasgupta, Avijit and Jawahar, CV and Alahari, Karteek},
  booktitle={Proceedings of the Thirteenth Indian Conference on Computer Vision, Graphics and Image Processing},
  pages={1--9},
  year={2022}
}

@inproceedings{zhu2017flow,
  title={Flow-guided feature aggregation for video object detection},
  author={Zhu, Xizhou and Wang, Yujie and Dai, Jifeng and Yuan, Lu and Wei, Yichen},
  booktitle={Proceedings of the IEEE/CVF International Conference on Computer Vision (ICCV)},
  pages={408--417},
  year={2017}
}

@inproceedings{cornett2023expanding,
  title={Expanding accurate person recognition to new altitudes and ranges: The briar dataset},
  author={Cornett, David and Brogan, Joel and Barber, Nell and Aykac, Deniz and Baird, Seth and Burchfield, Nicholas and Dukes, Carl and Duncan, Andrew and Ferrell, Regina and Goddard, Jim and others},
  booktitle={Proceedings of the IEEE/CVF Winter Conference on Applications of Computer Vision (WACV)},
  pages={593--602},
  year={2023}
}

@article{zhang2022imaging,
  title={Imaging through the atmosphere using turbulence mitigation transformer},
  author={Zhang, Xingguang and Mao, Zhiyuan and Chimitt, Nicholas and Chan, Stanley H.},
  journal={IEEE Transactions on Computational Imaging},
  year={2024},
  volume={10},
  pages={115--128},
}

@article{chimitt2022real,
  title={Real-time dense field phase-to-space simulation of imaging through atmospheric turbulence},
  author={Chimitt, Nicholas and Zhang, Xingguang and Mao, Zhiyuan and Chan, Stanley H},
  journal={IEEE Transactions on Computational Imaging},
  volume={8},
  pages={1159--1169},
  year={2022},
  publisher={IEEE}
}

@article{chan2023computational,
  title={Computational Imaging Through Atmospheric Turbulence},
  author={Chan, Stanley H and Chimitt, Nicholas},
  journal={Foundations and Trends{\textregistered} in Computer Graphics and Vision},
  volume={15},
  number={4},
  pages={253--508},
  year={2023},
  publisher={Now Publishers, Inc.}
}

@InProceedings{Mao_2021_ICCV,
    author    = {Mao, Zhiyuan and Chimitt, Nicholas and Chan, Stanley H.},
    title     = {Accelerating Atmospheric Turbulence Simulation via Learned Phase-to-Space Transform},
    booktitle = {Proceedings of the IEEE/CVF International Conference on Computer Vision (ICCV)},
    year      = {2021},
    pages     = {14759-14768}
}

@article{chimitt2020simulating,
  title={Simulating anisoplanatic turbulence by sampling intermodal and spatially correlated Zernike coefficients},
  author={Chimitt, Nicholas and Chan, Stanley H},
  journal={Optical Engineering},
  volume={59},
  number={8},
  pages={83101-83101},
  year={2020},
  publisher={Society of Photo-Optical Instrumentation Engineers}
}

@inproceedings{Godard_2019_mono,
  title={Digging into self-supervised monocular depth estimation},
  author={Godard, Cl{\'e}ment and Mac Aodha, Oisin and Firman, Michael and Brostow, Gabriel J},
  booktitle={Proceedings of the IEEE/CVF international conference on computer vision (ICCV)},
  pages={3828--3838},
  year={2019}
}

@article{russakovsky2015imagenet,
  title={Imagenet large scale visual recognition challenge},
  author={Russakovsky, Olga and Deng, Jia and Su, Hao and Krause, Jonathan and Satheesh, Sanjeev and Ma, Sean and Huang, Zhiheng and Karpathy, Andrej and Khosla, Aditya and Bernstein, Michael and others},
  journal={International Journal of Computer Vision},
  volume={115},
  pages={211--252},
  year={2015},
  publisher={Springer}
}

@inproceedings{gong2021temporal,
  title={Temporal {ROI} align for video object recognition},
  author={Gong, Tao and Chen, Kai and Wang, Xinjiang and Chu, Qi and Zhu, Feng and Lin, Dahua and Yu, Nenghai and Feng, Huamin},
  booktitle={Proceedings of the AAAI Conference on Artificial Intelligence and Interactive Digital Entertainment (AAAI)},
  volume={35},
  number={2},
  pages={1442--1450},
  year={2021}
}

@inproceedings{wu2019sequence,
  title={Sequence level semantics aggregation for video object detection},
  author={Wu, Haiping and Chen, Yuntao and Wang, Naiyan and Zhang, Zhaoxiang},
  booktitle={Proceedings of the IEEE/CVF Conference on Computer Vision and Pattern Recognition (CVPR)},
  pages={9217--9225},
  year={2019}
}

@article{zhou2022transvod,
  title={TransVOD: end-to-end video object detection with spatial-temporal transformers},
  author={Zhou, Qianyu and Li, Xiangtai and He, Lu and Yang, Yibo and Cheng, Guangliang and Tong, Yunhai and Ma, Lizhuang and Tao, Dacheng},
  journal={IEEE Transactions on Pattern Analysis and Machine Intelligence},
  year={2022},
  pages={7853 - 7869},
  publisher={IEEE}
}

@ARTICLE{VSformer,
  author={Fujitake, Masato and Sugimoto, Akihiro},
  journal={IEEE Access}, 
  title={Video Sparse Transformer With Attention-Guided Memory for Video Object Detection}, 
  year={2022},
  volume={10},
  number={},
  pages={65886-65900},
  doi={10.1109/ACCESS.2022.3184031}}

@inproceedings{wang2022ptseformer,
  title={Ptseformer: Progressive temporal-spatial enhanced transformer towards video object detection},
  author={Wang, Han and Tang, Jun and Liu, Xiaodong and Guan, Shanyan and Xie, Rong and Song, Li},
  booktitle={European Conference on Computer Vision (ECCV)},
  pages={732--747},
  year={2022},
}

@ARTICLE{adp_vp,
  author={Patel, Vishal M and Gopalan, Raghuraman and Li, Ruonan and Chellappa, Rama},
  journal={IEEE Signal Processing Magazine}, 
  title={Visual Domain Adaptation: A survey of recent advances}, 
  year={2015},
  volume={32},
  number={3},
  pages={53-69},
}

@inproceedings{chu2023adversarial,
  title={Adversarial alignment for source free object detection},
  author={Chu, Qiaosong and Li, Shuyan and Chen, Guangyi and Li, Kai and Li, Xiu},
  booktitle={Proceedings of the AAAI Conference on Artificial Intelligence},
  volume={37},
  number={1},
  pages={452--460},
  year={2023}
}


@InProceedings{Liu_2024_WACV,
    author    = {Liu, Feng and Ashbaugh, Ryan and Chimitt, Nicholas and Hassan, Najmul and Hassani, Ali and Jaiswal, Ajay and Kim, Minchul and Mao, Zhiyuan and Perry, Christopher and Ren, Zhiyuan and Su, Yiyang and Varghaei, Pegah and Wang, Kai and Zhang, Xingguang and Chan, Stanley and Ross, Arun and Shi, Humphrey and Wang, Zhangyang and Jain, Anil and Liu, Xiaoming},
    title     = {FarSight: A Physics-Driven Whole-Body Biometric System at Large Distance and Altitude},
    booktitle = {Proceedings of the IEEE/CVF Winter Conference on Applications of Computer Vision (WACV)},
    year      = {2024},
    pages     = {6227-6236}
}

@inproceedings{carion2020end,
  title={End-to-end object detection with transformers},
  author={Carion, Nicolas and Massa, Francisco and Synnaeve, Gabriel and Usunier, Nicolas and Kirillov, Alexander and Zagoruyko, Sergey},
  booktitle={European conference on computer vision},
  pages={213--229},
  year={2020},
  organization={Springer}
}

@inproceedings{lin2017feature,
  title={Feature pyramid networks for object detection},
  author={Lin, Tsung-Yi and Doll{\'a}r, Piotr and Girshick, Ross and He, Kaiming and Hariharan, Bharath and Belongie, Serge},
  booktitle={Proceedings of the IEEE conference on computer vision and pattern recognition},
  pages={2117--2125},
  year={2017}
}

@article{zou2023object,
  title={Object detection in 20 years: A survey},
  author={Zou, Zhengxia and Chen, Keyan and Shi, Zhenwei and Guo, Yuhong and Ye, Jieping},
  journal={Proceedings of the IEEE},
  volume={111},
  number={3},
  pages={257--276},
  year={2023},
  publisher={IEEE}
}

@inproceedings{saito2019semi,
  title={Semi-supervised domain adaptation via minimax entropy},
  author={Saito, Kuniaki and Kim, Donghyun and Sclaroff, Stan and Darrell, Trevor and Saenko, Kate},
  booktitle={Proceedings of the IEEE/CVF international conference on computer vision},
  pages={8050--8058},
  year={2019}
}

@inproceedings{inoue2018cross,
  title={Cross-domain weakly-supervised object detection through progressive domain adaptation},
  author={Inoue, Naoto and Furuta, Ryosuke and Yamasaki, Toshihiko and Aizawa, Kiyoharu},
  booktitle={Proceedings of the IEEE conference on computer vision and pattern recognition},
  pages={5001--5009},
  year={2018}
}

@inproceedings{chen2018domain,
  title={Domain adaptive faster r-cnn for object detection in the wild},
  author={Chen, Yuhua and Li, Wen and Sakaridis, Christos and Dai, Dengxin and Van Gool, Luc},
  booktitle={Proceedings of the IEEE conference on computer vision and pattern recognition},
  pages={3339--3348},
  year={2018}
}

@inproceedings{saito2019strong,
  title={Strong-weak distribution alignment for adaptive object detection},
  author={Saito, Kuniaki and Ushiku, Yoshitaka and Harada, Tatsuya and Saenko, Kate},
  booktitle={Proceedings of the IEEE/CVF conference on computer vision and pattern recognition},
  pages={6956--6965},
  year={2019}
}

@inproceedings{vs2021mega,
  title={Mega-cda: Memory guided attention for category-aware unsupervised domain adaptive object detection},
  author={Vs, Vibashan and Gupta, Vikram and Oza, Poojan and Sindagi, Vishwanath A and Patel, Vishal M},
  booktitle={Proceedings of the IEEE/CVF Conference on Computer Vision and Pattern Recognition},
  pages={4516--4526},
  year={2021}
}

@inproceedings{cai2019exploring,
  title={Exploring object relation in mean teacher for cross-domain detection},
  author={Cai, Qi and Pan, Yingwei and Ngo, Chong-Wah and Tian, Xinmei and Duan, Lingyu and Yao, Ting},
  booktitle={Proceedings of the IEEE/CVF Conference on Computer Vision and Pattern Recognition},
  pages={11457--11466},
  year={2019}
}

@inproceedings{kundu2020universal,
  title={Universal source-free domain adaptation},
  author={Kundu, Jogendra Nath and Venkat, Naveen and Babu, R Venkatesh and others},
  booktitle={Proceedings of the IEEE/CVF conference on computer vision and pattern recognition},
  pages={4544--4553},
  year={2020}
}

@inproceedings{yang2021generalized,
  title={Generalized source-free domain adaptation},
  author={Yang, Shiqi and Wang, Yaxing and Van De Weijer, Joost and Herranz, Luis and Jui, Shangling},
  booktitle={Proceedings of the IEEE/CVF international conference on computer vision},
  pages={8978--8987},
  year={2021}
}

@inproceedings{liu2021source,
  title={Source-free domain adaptation for semantic segmentation},
  author={Liu, Yuang and Zhang, Wei and Wang, Jun},
  booktitle={Proceedings of the IEEE/CVF Conference on Computer Vision and Pattern Recognition},
  pages={1215--1224},
  year={2021}
}

@article{yang2022attracting,
  title={Attracting and dispersing: A simple approach for source-free domain adaptation},
  author={Yang, Shiqi and Jui, Shangling and van de Weijer, Joost and others},
  journal={Advances in Neural Information Processing Systems},
  volume={35},
  pages={5802--5815},
  year={2022}
}

@inproceedings{xu2022source,
  title={Source-free video domain adaptation by learning temporal consistency for action recognition},
  author={Xu, Yuecong and Yang, Jianfei and Cao, Haozhi and Wu, Keyu and Wu, Min and Chen, Zhenghua},
  booktitle={European Conference on Computer Vision},
  pages={147--164},
  year={2022},
  organization={Springer}
}


@article{cai2016dehazenet,
  title={Dehazenet: An end-to-end system for single image haze removal},
  author={Cai, Bolun and Xu, Xiangmin and Jia, Kui and Qing, Chunmei and Tao, Dacheng},
  journal={IEEE Transactions on Image Processing},
  volume={25},
  number={11},
  pages={5187--5198},
  year={2016},
  publisher={IEEE}
}