@article{Riess_1998,
   title={Observational Evidence from Supernovae for an Accelerating Universe and a Cosmological Constant},
   volume={116},
   ISSN={0004-6256},
   url={http://dx.doi.org/10.1086/300499},
   DOI={10.1086/300499},
   number={3},
   journal={The Astronomical Journal},
   publisher={American Astronomical Society},
   author={Riess, Adam G and others},
   year={1998},
   month=sep, pages={1009–1038} }

@article{Schoneberg:2021qvd,
    author = {Sch\"oneberg, Nils and Franco Abell\'an, Guillermo and P\'erez S\'anchez, Andrea and Witte, Samuel J. and Poulin, Vivian and Lesgourgues, Julien},
    title = "{The H0 Olympics: A fair ranking of proposed models}",
    eprint = "2107.10291",
    archivePrefix = "arXiv",
    primaryClass = "astro-ph.CO",
    doi = "10.1016/j.physrep.2022.07.001",
    journal = "Phys. Rept.",
    volume = "984",
    pages = "1--55",
    year = "2022"
}

@article{Knox:2019rjx,
    author = "Knox, Lloyd and Millea, Marius",
    title = "{Hubble constant hunter\textquoteright{}s guide}",
    eprint = "1908.03663",
    archivePrefix = "arXiv",
    primaryClass = "astro-ph.CO",
    doi = "10.1103/PhysRevD.101.043533",
    journal = "Phys. Rev. D",
    volume = "101",
    number = "4",
    pages = "043533",
    year = "2020"
}

@article{Colgain:2024xqj,
    author = "Colg\'ain, Eoin \'O. and Dainotti, Maria Giovanna and Capozziello, Salvatore and Pourojaghi, Saeed and Sheikh-Jabbari, M. M. and Stojkovic, Dejan",
    title = "{Does DESI 2024 Confirm $\Lambda$CDM?}",
    eprint = "2404.08633",
    archivePrefix = "arXiv",
    primaryClass = "astro-ph.CO",
    month = "4",
    year = "2024"
}

@article{Cortes:2024lgw,
    author = "Cort\^es, Marina and Liddle, Andrew R.",
    title = "{Interpreting DESI's evidence for evolving dark energy}",
    eprint = "2404.08056",
    archivePrefix = "arXiv",
    primaryClass = "astro-ph.CO",
    month = "4",
    year = "2024"
}

@article{Wang:2024hks,
    author = "Wang, Deng",
    title = "{Constraining Cosmological Physics with DESI BAO Observations}",
    eprint = "2404.06796",
    archivePrefix = "arXiv",
    primaryClass = "astro-ph.CO",
    month = "4",
    year = "2024"
}

@article{Efstathiou:2021ocp,
    author = "Efstathiou, George",
    title = "{To H0 or not to H0?}",
    eprint = "2103.08723",
    archivePrefix = "arXiv",
    primaryClass = "astro-ph.CO",
    doi = "10.1093/mnras/stab1588",
    journal = "Mon. Not. Roy. Astron. Soc.",
    volume = "505",
    number = "3",
    pages = "3866--3872",
    year = "2021"
}

@article{Brout:2023wol,
    author = "Brout, Dillon and Riess, Adam",
    title = "{The Impact of Dust on Cepheid and Type Ia Supernova Distances}",
    eprint = "2311.08253",
    archivePrefix = "arXiv",
    primaryClass = "astro-ph.CO",
    month = "11",
    year = "2023"
}

@article{Riess:2024ohe,
    author = "Riess, Adam G. and Anand, Gagandeep S. and Yuan, Wenlong and Casertano, Stefano and Dolphin, Andrew and Macri, Lucas M. and Breuval, Louise and Scolnic, Dan and Perrin, Marshall and Anderson, I. Richard",
    title = "{JWST Observations Reject Unrecognized Crowding of Cepheid Photometry as an Explanation for the Hubble Tension at 8\ensuremath{\sigma} Confidence}",
    eprint = "2401.04773",
    archivePrefix = "arXiv",
    primaryClass = "astro-ph.CO",
    doi = "10.3847/2041-8213/ad1ddd",
    journal = "Astrophys. J. Lett.",
    volume = "962",
    number = "1",
    pages = "L17",
    year = "2024"
}

@article{Breuval:2024lsv,
    author = "Breuval, Louise and Riess, Adam G. and Casertano, Stefano and Yuan, Wenlong and Macri, Lucas M. and Romaniello, Martino and Murakami, Yukei S. and Scolnic, Daniel and Anand, Gagandeep S. and Soszy\'nski, Igor",
    title = "{Small Magellanic Cloud Cepheids Observed with the Hubble Space Telescope Provide a New Anchor for the SH0ES Distance Ladder}",
    eprint = "2404.08038",
    archivePrefix = "arXiv",
    primaryClass = "astro-ph.CO",
    month = "4",
    year = "2024"
}

@article{Perlmutter_1999,
   title={Measurements of Ω and Λ from 42 High‐Redshift Supernovae},
   volume={517},
   ISSN={1538-4357},
   url={http://dx.doi.org/10.1086/307221},
   DOI={10.1086/307221},
   number={2},
   journal={The Astrophysical Journal},
   publisher={American Astronomical Society},
   author={The Supernova Cosmology  Project},
   year={1999},
   month=jun, pages={565–586} }

@article{Asgari_2021,
   title={KiDS-1000 cosmology: Cosmic shear constraints and comparison between two point statistics},
   volume={645},
   ISSN={1432-0746},
   url={http://dx.doi.org/10.1051/0004-6361/202039070},
   DOI={10.1051/0004-6361/202039070},
   journal={Astronomy &amp; Astrophysics},
   publisher={EDP Sciences},
   author={Asgari, Marika and others},
   year={2021},
   month=jan, pages={A104} }

@article{Abbott_2022,
   title={Dark Energy Survey Year 3 results: Cosmological constraints from galaxy clustering and weak lensing},
   volume={105},
   ISSN={2470-0029},
   url={http://dx.doi.org/10.1103/PhysRevD.105.023520},
   DOI={10.1103/physrevd.105.023520},
   number={2},
   journal={Physical Review D},
   publisher={American Physical Society (APS)},
   author={Abbott, T. and others},
   year={2022},
   month=jan }

@misc{desicollaboration2024desi,
      title={DESI 2024 VI: Cosmological Constraints from the Measurements of Baryon Acoustic Oscillations}, 
      author={DESI Collaboration},
      year={2024},
      eprint={2404.03002},
      archivePrefix={arXiv},
      primaryClass={astro-ph.CO}
}

@article{Schneberg_2019,
   title={The BAO+BBN take on the Hubble tension},
   volume={2019},
   ISSN={1475-7516},
   url={http://dx.doi.org/10.1088/1475-7516/2019/10/029},
   DOI={10.1088/1475-7516/2019/10/029},
   number={10},
   journal={Journal of Cosmology and Astroparticle Physics},
   publisher={IOP Publishing},
   author={Schöneberg, Nils and Lesgourgues, Julien and Hooper, Deanna C.},
   year={2019},
   month=oct, pages={029–029} }

@misc{silva2024nonlinear,
      title={Non-Linear Matter Power Spectrum Modeling in Interacting Dark Energy Cosmologies}, 
      author={Emanuelly Silva and Ubaldo Zúñiga-Bolaño and Rafael C. Nunes and Eleonora Di Valentino},
      year={2024},
      eprint={2403.19590},
      archivePrefix={arXiv},
      primaryClass={astro-ph.CO}
}

@article{Schneberg_2022,
   title={BAO+BBN revisited — growing the Hubble tension with a 0.7 km/s/Mpc constraint},
   volume={2022},
   ISSN={1475-7516},
   url={http://dx.doi.org/10.1088/1475-7516/2022/11/039},
   DOI={10.1088/1475-7516/2022/11/039},
   number={11},
   journal={Journal of Cosmology and Astroparticle Physics},
   publisher={IOP Publishing},
   author={Schöneberg, Nils and Verde, Licia and Gil-Marín, Héctor and Brieden, Samuel},
   year={2022},
   month=nov, pages={039} }

@article{Cuceu_2019,
   title={Baryon Acoustic Oscillations and the Hubble constant: past, present and future},
   volume={2019},
   ISSN={1475-7516},
   url={http://dx.doi.org/10.1088/1475-7516/2019/10/044},
   DOI={10.1088/1475-7516/2019/10/044},
   number={10},
   journal={Journal of Cosmology and Astroparticle Physics},
   publisher={IOP Publishing},
   author={Cuceu, Andrei and Farr, James and Lemos, Pablo and Font-Ribera, Andreu},
   year={2019},
   month=oct, pages={044–044} }

@article{Nunes_2014,
   title={Dark matter–dark energy interaction for a time-dependent EoS parameter},
   volume={46},
   ISSN={1572-9532},
   url={http://dx.doi.org/10.1007/s10714-014-1820-1},
   DOI={10.1007/s10714-014-1820-1},
   number={11},
   journal={General Relativity and Gravitation},
   publisher={Springer Science and Business Media LLC},
   author={Nunes, Rafael C. and Barboza, Edésio M.},
   year={2014},
   month=oct }

@article{CHEVALLIER_2001,
   title={ACCELERATING UNIVERSES WITH SCALING DARK MATTER},
   volume={10},
   ISSN={1793-6594},
   url={http://dx.doi.org/10.1142/S0218271801000822},
   DOI={10.1142/s0218271801000822},
   number={02},
   journal={International Journal of Modern Physics D},
   publisher={World Scientific Pub Co Pte Lt},
   author={CHEVALLIER, MICHEL and POLARSKI, DAVID},
   year={2001},
   month=apr, pages={213–223} }

@article{Linder_2003,
   title={Exploring the Expansion History of the Universe},
   volume={90},
   ISSN={1079-7114},
   url={http://dx.doi.org/10.1103/PhysRevLett.90.091301},
   DOI={10.1103/physrevlett.90.091301},
   number={9},
   journal={Physical Review Letters},
   publisher={American Physical Society (APS)},
   author={Linder, Eric V.},
   year={2003},
   month=mar }

@article{vandeBruck:2015ida,
    author = "van de Bruck, C. and Morrice, J.",
    title = "{Disformal couplings and the dark sector of the universe}",
    eprint = "1501.03073",
    archivePrefix = "arXiv",
    primaryClass = "gr-qc",
    doi = "10.1088/1475-7516/2015/04/036",
    journal = "JCAP",
    volume = "04",
    pages = "036",
    year = "2015"
}

@article{Wang:2024vmw,
    author = "Wang, B. and Abdalla, E. and Atrio-Barandela, F. and Pav\'on, D.",
    title = "{Further understanding the interaction between dark energy and dark matter: current status and future directions}",
    eprint = "2402.00819",
    archivePrefix = "arXiv",
    primaryClass = "astro-ph.CO",
    doi = "10.1088/1361-6633/ad2527",
    journal = "Rept. Prog. Phys.",
    volume = "87",
    number = "3",
    pages = "036901",
    year = "2024"
}


@article{Zhai:2023yny,
    author = "Zhai, Yuejia and Giar\`e, William and van de Bruck, Carsten and Di Valentino, Eleonora and Mena, Olga and Nunes, Rafael C.",
    title = "{A consistent view of interacting dark energy from multiple CMB probes}",
    eprint = "2303.08201",
    archivePrefix = "arXiv",
    primaryClass = "astro-ph.CO",
    doi = "10.1088/1475-7516/2023/07/032",
    journal = "JCAP",
    volume = "07",
    pages = "032",
    year = "2023"
}


@article{Bernui:2023byc,
    author = "Bernui, Armando and Di Valentino, Eleonora and Giar\`e, William and Kumar, Suresh and Nunes, Rafael C.",
    title = "{Exploring the H0 tension and the evidence for dark sector interactions from 2D BAO measurements}",
    eprint = "2301.06097",
    archivePrefix = "arXiv",
    primaryClass = "astro-ph.CO",
    doi = "10.1103/PhysRevD.107.103531",
    journal = "Phys. Rev. D",
    volume = "107",
    number = "10",
    pages = "103531",
    year = "2023"
}

@article{Riess:2021jrx,
    author = "Riess, Adam G. and others",
    title = "{A Comprehensive Measurement of the Local Value of the Hubble Constant with 1 km s$^{−1}$ Mpc$^{−1}$ Uncertainty from the Hubble Space Telescope and the SH0ES Team}",
    eprint = "2112.04510",
    archivePrefix = "arXiv",
    primaryClass = "astro-ph.CO",
    doi = "10.3847/2041-8213/ac5c5b",
    journal = "Astrophys. J. Lett.",
    volume = "934",
    number = "1",
    pages = "L7",
    year = "2022"
}

@article{Brout:2022vxf,
    author = "Brout, Dillon and others",
    title = "{The Pantheon+ Analysis: Cosmological Constraints}",
    eprint = "2202.04077",
    archivePrefix = "arXiv",
    primaryClass = "astro-ph.CO",
    doi = "10.3847/1538-4357/ac8e04",
    journal = "Astrophys. J.",
    volume = "938",
    number = "2",
    pages = "110",
    year = "2022"
}


@article{eBOSS:2020yzd,
    author = "Alam, Shadab and others",
    collaboration = "eBOSS",
    title = "{Completed SDSS-IV extended Baryon Oscillation Spectroscopic Survey: Cosmological implications from two decades of spectroscopic surveys at the Apache Point Observatory}",
    eprint = "2007.08991",
    archivePrefix = "arXiv",
    primaryClass = "astro-ph.CO",
    doi = "10.1103/PhysRevD.103.083533",
    journal = "Phys. Rev. D",
    volume = "103",
    number = "8",
    pages = "083533",
    year = "2021"
}

@article{Abdalla:2022yfr,
    author = "Abdalla, Elcio and others",
    title = "{Cosmology intertwined: A review of the particle physics, astrophysics, and cosmology associated with the cosmological tensions and anomalies}",
    eprint = "2203.06142",
    archivePrefix = "arXiv",
    primaryClass = "astro-ph.CO",
    reportNumber = "FERMILAB-CONF-22-192-SCD",
    doi = "10.1016/j.jheap.2022.04.002",
    journal = "JHEAp",
    volume = "34",
    pages = "49--211",
    year = "2022"
}

@article{Benisty:2024lmj,
    author = "Benisty, David and Pan, Supriya and Staicova, Denitsa and Di Valentino, Eleonora and Nunes, Rafael C.",
    title = "{Late-Time constraints on Interacting Dark Energy: Analysis independent of $H_0$, $r_d$ and $M_B$}",
    eprint = "2403.00056",
    archivePrefix = "arXiv",
    primaryClass = "astro-ph.CO",
    month = "2",
    year = "2024"
}

@article{Anchordoqui:2021gji,
    author = "Anchordoqui, Luis A. and Di Valentino, Eleonora and Pan, Supriya and Yang, Weiqiang",
    title = "{Dissecting the H0 and S8 tensions with Planck + BAO + supernova type Ia in multi-parameter cosmologies}",
    eprint = "2107.13932",
    archivePrefix = "arXiv",
    primaryClass = "astro-ph.CO",
    reportNumber = "IPPP/21/17",
    doi = "10.1016/j.jheap.2021.08.001",
    journal = "JHEAp",
    volume = "32",
    pages = "28--64",
    year = "2021"
}

@article{Forconi:2023hsj,
    author = "Forconi, Matteo and Giar\`e, William and Mena, Olga and Ruchika and Di Valentino, Eleonora and Melchiorri, Alessandro and Nunes, Rafael C.",
    title = "{A double take on early and interacting dark energy from JWST}",
    eprint = "2312.11074",
    archivePrefix = "arXiv",
    primaryClass = "astro-ph.CO",
    month = "12",
    year = "2023"
}

@article{Hoerning:2023hks,
    author = "Hoerning, Gabriel A. and Landim, Ricardo G. and Ponte, Luiza O. and Rolim, Raphael P. and Abdalla, Filipe B. and Abdalla, Elcio",
    title = "{Constraints on interacting dark energy revisited: implications for the Hubble tension}",
    eprint = "2308.05807",
    archivePrefix = "arXiv",
    primaryClass = "astro-ph.CO",
    month = "8",
    year = "2023"
}

@article{DiValentino:2020zio,
    author = "Di Valentino, Eleonora and others",
    title = "{Snowmass2021 - Letter of interest cosmology intertwined II: The hubble constant tension}",
    eprint = "2008.11284",
    archivePrefix = "arXiv",
    primaryClass = "astro-ph.CO",
    reportNumber = "FERMILAB-PUB-21-590-PPD",
    doi = "10.1016/j.astropartphys.2021.102605",
    journal = "Astropart. Phys.",
    volume = "131",
    pages = "102605",
    year = "2021"
}

@article{DiValentino:2020vvd,
    author = "Di Valentino, Eleonora and others",
    title = "{Cosmology Intertwined III: $f \sigma_8$ and $S_8$}",
    eprint = "2008.11285",
    archivePrefix = "arXiv",
    primaryClass = "astro-ph.CO",
    reportNumber = "FERMILAB-PUB-20-495-AE",
    doi = "10.1016/j.astropartphys.2021.102604",
    journal = "Astropart. Phys.",
    volume = "131",
    pages = "102604",
    year = "2021"
}

@article{DiValentino:2021izs,
    author = "Di Valentino, Eleonora and Mena, Olga and Pan, Supriya and Visinelli, Luca and Yang, Weiqiang and Melchiorri, Alessandro and Mota, David F. and Riess, Adam G. and Silk, Joseph",
    title = "{In the realm of the Hubble tension\textemdash{}a review of solutions}",
    eprint = "2103.01183",
    archivePrefix = "arXiv",
    primaryClass = "astro-ph.CO",
    reportNumber = "IPPP/20/108",
    doi = "10.1088/1361-6382/ac086d",
    journal = "Class. Quant. Grav.",
    volume = "38",
    number = "15",
    pages = "153001",
    year = "2021"
}

@article{Verde:2019ivm,
    author = "Verde, L. and Treu, T. and Riess, A. G.",
    title = "{Tensions between the Early and the Late Universe}",
    eprint = "1907.10625",
    archivePrefix = "arXiv",
    primaryClass = "astro-ph.CO",
    doi = "10.1038/s41550-019-0902-0",
    journal = "Nature Astron.",
    volume = "3",
    pages = "891",
    month = "7",
    year = "2019"
}

@article{Perivolaropoulos:2021jda,
    author = "Perivolaropoulos, Leandros and Skara, Foteini",
    title = "{Challenges for \ensuremath{\Lambda}CDM: An update}",
    eprint = "2105.05208",
    archivePrefix = "arXiv",
    primaryClass = "astro-ph.CO",
    doi = "10.1016/j.newar.2022.101659",
    journal = "New Astron. Rev.",
    volume = "95",
    pages = "101659",
    year = "2022"
}

@article{Kamionkowski:2022pkx,
    author = "Kamionkowski, Marc and Riess, Adam G.",
    title = "{The Hubble Tension and Early Dark Energy}",
    eprint = "2211.04492",
    archivePrefix = "arXiv",
    primaryClass = "astro-ph.CO",
    doi = "10.1146/annurev-nucl-111422-024107",
    journal = "Ann. Rev. Nucl. Part. Sci.",
    volume = "73",
    pages = "153--180",
    year = "2023"
}

@article{Khalife:2023qbu,
    author = {Khalife, Ali Rida and Zanjani, Maryam Bahrami and Galli, Silvia and G\"unther, Sven and Lesgourgues, Julien and Benabed, Karim},
    title = "{Review of Hubble tension solutions with new SH0ES and SPT-3G data}",
    eprint = "2312.09814",
    archivePrefix = "arXiv",
    primaryClass = "astro-ph.CO",
    reportNumber = "TTK-23-36",
    month = "12",
    year = "2023"
}

@article{Planck:2018vyg,
    author = "Aghanim, N. and others",
    collaboration = "Planck",
    title = "{Planck 2018 results. VI. Cosmological parameters}",
    eprint = "1807.06209",
    archivePrefix = "arXiv",
    primaryClass = "astro-ph.CO",
    doi = "10.1051/0004-6361/201833910",
    journal = "Astron. Astrophys.",
    volume = "641",
    pages = "A6",
    year = "2020",
    note = "[Erratum: Astron.Astrophys. 652, C4 (2021)]"
}

@article{Murakami:2023xuy,
    author = "Murakami, Yukei S. and Riess, Adam G. and Stahl, Benjamin E. and Kenworthy, W. D'Arcy and Pluck, Dahne-More A. and Macoretta, Antonella and Brout, Dillon and Jones, David O. and Scolnic, Dan M. and Filippenko, Alexei V.",
    title = "{Leveraging SN Ia spectroscopic similarity to improve the measurement of H $_{0}$}",
    eprint = "2306.00070",
    archivePrefix = "arXiv",
    primaryClass = "astro-ph.CO",
    doi = "10.1088/1475-7516/2023/11/046",
    journal = "JCAP",
    volume = "11",
    pages = "046",
    year = "2023"
}

@article{Gavela:2010tm,
    author = "Gavela, M. B. and Lopez Honorez, L. and Mena, O. and Rigolin, S.",
    title = "{Dark Coupling and Gauge Invariance}",
    eprint = "1005.0295",
    archivePrefix = "arXiv",
    primaryClass = "astro-ph.CO",
    reportNumber = "IFT-UAM-CSIC-10-28, FTUAM-10-07",
    doi = "10.1088/1475-7516/2010/11/044",
    journal = "JCAP",
    volume = "11",
    pages = "044",
    year = "2010"
}

@article{DiValentino:2019jae,
    author = "Di Valentino, Eleonora and Melchiorri, Alessandro and Mena, Olga and Vagnozzi, Sunny",
    title = "{Nonminimal dark sector physics and cosmological tensions}",
    eprint = "1910.09853",
    archivePrefix = "arXiv",
    primaryClass = "astro-ph.CO",
    doi = "10.1103/PhysRevD.101.063502",
    journal = "Phys. Rev. D",
    volume = "101",
    number = "6",
    pages = "063502",
    year = "2020"
}

@article{Gavela:2009cy,
    author = "Gavela, M. B. and Hernandez, D. and Lopez Honorez, L. and Mena, O. and Rigolin, S.",
    title = "{Dark coupling}",
    eprint = "0901.1611",
    archivePrefix = "arXiv",
    primaryClass = "astro-ph.CO",
    reportNumber = "FTUAM-08-26, FT-UAM-CSIC-08-94, DFPD-09-TH-01, ULB-TH-09-01, IFIC-09-01",
    doi = "10.1088/1475-7516/2009/07/034",
    journal = "JCAP",
    volume = "07",
    pages = "034",
    year = "2009",
    note = "[Erratum: JCAP 05, E01 (2010)]"
}


@article{ACT:2023kun,
    author = "Madhavacheril, Mathew S. and others",
    collaboration = "ACT",
    title = "{The Atacama Cosmology Telescope: DR6 Gravitational Lensing Map and Cosmological Parameters}",
    eprint = "2304.05203",
    archivePrefix = "arXiv",
    primaryClass = "astro-ph.CO",
    reportNumber = "FERMILAB-PUB-23-206-PPD",
    doi = "10.3847/1538-4357/acff5f",
    journal = "Astrophys. J.",
    volume = "962",
    number = "2",
    pages = "113",
    year = "2024"
}


@article{ACT:2023dou,
    author = "Qu, Frank J. and others",
    collaboration = "ACT",
    title = "{The Atacama Cosmology Telescope: A Measurement of the DR6 CMB Lensing Power Spectrum and Its Implications for Structure Growth}",
    eprint = "2304.05202",
    archivePrefix = "arXiv",
    primaryClass = "astro-ph.CO",
    reportNumber = "FERMILAB-PUB-23-237-PPD",
    doi = "10.3847/1538-4357/acfe06",
    journal = "Astrophys. J.",
    volume = "962",
    number = "2",
    pages = "112",
    year = "2024"
}


@article{Planck:2019nip,
    author = "Aghanim, N. and others",
    collaboration = "Planck",
    title = "{Planck 2018 results. V. CMB power spectra and likelihoods}",
    eprint = "1907.12875",
    archivePrefix = "arXiv",
    primaryClass = "astro-ph.CO",
    doi = "10.1051/0004-6361/201936386",
    journal = "Astron. Astrophys.",
    volume = "641",
    pages = "A5",
    year = "2020"
}



@article{Planck:2018nkj,
    author = "Aghanim, N. and others",
    collaboration = "Planck",
    title = "{Planck 2018 results. I. Overview and the cosmological legacy of Planck}",
    eprint = "1807.06205",
    archivePrefix = "arXiv",
    primaryClass = "astro-ph.CO",
    doi = "10.1051/0004-6361/201833880",
    journal = "Astron. Astrophys.",
    volume = "641",
    pages = "A1",
    year = "2020"
}

@article{Planck:2018lbu,
    author = "Aghanim, N. and others",
    collaboration = "Planck",
    title = "{Planck 2018 results. VIII. Gravitational lensing}",
    eprint = "1807.06210",
    archivePrefix = "arXiv",
    primaryClass = "astro-ph.CO",
    doi = "10.1051/0004-6361/201833886",
    journal = "Astron. Astrophys.",
    volume = "641",
    pages = "A8",
    year = "2020"
}


@article{ACT:2020gnv,
    author = "Aiola, Simone and others",
    collaboration = "ACT",
    title = "{The Atacama Cosmology Telescope: DR4 Maps and Cosmological Parameters}",
    eprint = "2007.07288",
    archivePrefix = "arXiv",
    primaryClass = "astro-ph.CO",
    doi = "10.1088/1475-7516/2020/12/047",
    journal = "JCAP",
    volume = "12",
    pages = "047",
    year = "2020"
}


@article{Torrado:2020dgo,
    author = "Torrado, Jesus and Lewis, Antony",
    title = "{Cobaya: Code for Bayesian Analysis of hierarchical physical models}",
    eprint = "2005.05290",
    archivePrefix = "arXiv",
    primaryClass = "astro-ph.IM",
    reportNumber = "TTK-20-15",
    doi = "10.1088/1475-7516/2021/05/057",
    journal = "JCAP",
    volume = "05",
    pages = "057",
    year = "2021"
}

@article{Lewis:2002ah,
    author = "Lewis, Antony and Bridle, Sarah",
    title = "{Cosmological parameters from CMB and other data: A Monte Carlo approach}",
    eprint = "astro-ph/0205436",
    archivePrefix = "arXiv",
    doi = "10.1103/PhysRevD.66.103511",
    journal = "Phys. Rev. D",
    volume = "66",
    pages = "103511",
    year = "2002"
}


@article{Blas:2011rf,
    author = "Blas, Diego and Lesgourgues, Julien and Tram, Thomas",
    title = "{The Cosmic Linear Anisotropy Solving System (CLASS) II: Approximation schemes}",
    eprint = "1104.2933",
    archivePrefix = "arXiv",
    primaryClass = "astro-ph.CO",
    reportNumber = "CERN-PH-TH-2011-082, LAPTH-010-11",
    doi = "10.1088/1475-7516/2011/07/034",
    journal = "JCAP",
    volume = "07",
    pages = "034",
    year = "2011"
}


@article{Neal:2005,
      author    = {{Neal}, R.~M.},
      title     = "{Taking Bigger Metropolis Steps by Dragging Fast Variables}",
      journal   = {ArXiv Mathematics e-prints},
      eprint    = {math/0502099},
      keywords  = {Mathematics - Statistics, Mathematics - Probability, 65C05, 65C60},
      year      = 2005,
      month     = feb,
      adsurl    = {http://adsabs.harvard.edu/abs/2005math......2099N},
      adsnote   = {Provided by the SAO/NASA Astrophysics Data System},
      url       = {https://arxiv.org/abs/math/0502099}
}


@article{Valiviita:2008iv,
    author = "Valiviita, Jussi and Majerotto, Elisabetta and Maartens, Roy",
    title = "{Instability in interacting dark energy and dark matter fluids}",
    eprint = "0804.0232",
    archivePrefix = "arXiv",
    primaryClass = "astro-ph",
    doi = "10.1088/1475-7516/2008/07/020",
    journal = "JCAP",
    volume = "07",
    pages = "020",
    year = "2008"
}


@article{Salvatelli:2014zta,
    author = "Salvatelli, Valentina and Said, Najla and Bruni, Marco and Melchiorri, Alessandro and Wands, David",
    title = "{Indications of a late-time interaction in the dark sector}",
    eprint = "1406.7297",
    archivePrefix = "arXiv",
    primaryClass = "astro-ph.CO",
    doi = "10.1103/PhysRevLett.113.181301",
    journal = "Phys. Rev. Lett.",
    volume = "113",
    number = "18",
    pages = "181301",
    year = "2014"
}


@article{Escudero:2015yka,
    author = "Escudero, Miguel and Mena, Olga and Vincent, Aaron C. and Wilkinson, Ryan J. and B\oe{}hm, C\'eline",
    title = "{Exploring dark matter microphysics with galaxy surveys}",
    eprint = "1505.06735",
    archivePrefix = "arXiv",
    primaryClass = "astro-ph.CO",
    reportNumber = "IFIC-15-32, IPPP-15-29, DCPT-15-58",
    doi = "10.1088/1475-7516/2015/9/034",
    journal = "JCAP",
    volume = "09",
    pages = "034",
    year = "2015"
}


@article{Sola:2016jky,
    author = "Sol\`a, Joan and G\'omez-Valent, Adria and de Cruz P\'erez, Javier",
    title = "{First evidence of running cosmic vacuum: challenging the concordance model}",
    eprint = "1602.02103",
    archivePrefix = "arXiv",
    primaryClass = "astro-ph.CO",
    doi = "10.3847/1538-4357/836/1/43",
    journal = "Astrophys. J.",
    volume = "836",
    number = "1",
    pages = "43",
    year = "2017"
}


@article{Wang:2016lxa,
    author = "Wang, B. and Abdalla, E. and Atrio-Barandela, F. and Pavon, D.",
    title = "{Dark Matter and Dark Energy Interactions: Theoretical Challenges, Cosmological Implications and Observational Signatures}",
    eprint = "1603.08299",
    archivePrefix = "arXiv",
    primaryClass = "astro-ph.CO",
    doi = "10.1088/0034-4885/79/9/096901",
    journal = "Rept. Prog. Phys.",
    volume = "79",
    number = "9",
    pages = "096901",
    year = "2016"
}


@article{Kumar:2016zpg,
    author = "Kumar, Suresh and Nunes, Rafael C.",
    title = "{Probing the interaction between dark matter and dark energy in the presence of massive neutrinos}",
    eprint = "1608.02454",
    archivePrefix = "arXiv",
    primaryClass = "astro-ph.CO",
    doi = "10.1103/PhysRevD.94.123511",
    journal = "Phys. Rev. D",
    volume = "94",
    number = "12",
    pages = "123511",
    year = "2016"
}


@article{Murgia:2016ccp,
    author = "Murgia, Riccardo and Gariazzo, Stefano and Fornengo, Nicolao",
    title = "{Constraints on the Coupling between Dark Energy and Dark Matter from CMB data}",
    eprint = "1602.01765",
    archivePrefix = "arXiv",
    primaryClass = "astro-ph.CO",
    doi = "10.1088/1475-7516/2016/04/014",
    journal = "JCAP",
    volume = "04",
    pages = "014",
    year = "2016"
}


@article{Pourtsidou:2016ico,
    author = "Pourtsidou, Alkistis and Tram, Thomas",
    title = "{Reconciling CMB and structure growth measurements with dark energy interactions}",
    eprint = "1604.04222",
    archivePrefix = "arXiv",
    primaryClass = "astro-ph.CO",
    doi = "10.1103/PhysRevD.94.043518",
    journal = "Phys. Rev. D",
    volume = "94",
    number = "4",
    pages = "043518",
    year = "2016"
}


@article{SolaPeracaula:2017esw,
    author = "Sol\`a Peracaula, Joan and de Cruz P\'erez, Javier and Gomez-Valent, Adria",
    title = "{Possible signals of vacuum dynamics in the Universe}",
    eprint = "1703.08218",
    archivePrefix = "arXiv",
    primaryClass = "astro-ph.CO",
    doi = "10.1093/mnras/sty1253",
    journal = "Mon. Not. Roy. Astron. Soc.",
    volume = "478",
    number = "4",
    pages = "4357--4373",
    year = "2018"
}


@article{DiValentino:2017iww,
    author = "Di Valentino, Eleonora and Melchiorri, Alessandro and Mena, Olga",
    title = "{Can interacting dark energy solve the $H_0$ tension?}",
    eprint = "1704.08342",
    archivePrefix = "arXiv",
    primaryClass = "astro-ph.CO",
    doi = "10.1103/PhysRevD.96.043503",
    journal = "Phys. Rev. D",
    volume = "96",
    number = "4",
    pages = "043503",
    year = "2017"
}


@article{Kumar:2017dnp,
    author = "Kumar, Suresh and Nunes, Rafael C.",
    title = "{Echo of interactions in the dark sector}",
    eprint = "1702.02143",
    archivePrefix = "arXiv",
    primaryClass = "astro-ph.CO",
    doi = "10.1103/PhysRevD.96.103511",
    journal = "Phys. Rev. D",
    volume = "96",
    number = "10",
    pages = "103511",
    year = "2017"
}


@article{Sola:2017znb,
    author = "Sol\`a, Joan and G\'omez-Valent, Adri\`a and de Cruz P\'erez, Javier",
    title = "{The $H_0$ tension in light of vacuum dynamics in the Universe}",
    eprint = "1705.06723",
    archivePrefix = "arXiv",
    primaryClass = "astro-ph.CO",
    doi = "10.1016/j.physletb.2017.09.073",
    journal = "Phys. Lett. B",
    volume = "774",
    pages = "317--324",
    year = "2017"
}


@article{Gomez-Valent:2018nib,
    author = "G\'omez-Valent, Adri\`a and Sol\`a Peracaula, Joan",
    title = "{Density perturbations for running vacuum: a successful approach to structure formation and to the $\sigma_8$-tension}",
    eprint = "1801.08501",
    archivePrefix = "arXiv",
    primaryClass = "astro-ph.CO",
    doi = "10.1093/mnras/sty1028",
    journal = "Mon. Not. Roy. Astron. Soc.",
    volume = "478",
    number = "1",
    pages = "126--145",
    year = "2018"
}


@article{Yang:2018euj,
    author = "Yang, Weiqiang and Pan, Supriya and Di Valentino, Eleonora and Nunes, Rafael C. and Vagnozzi, Sunny and Mota, David F.",
    title = "{Tale of stable interacting dark energy, observational signatures, and the $H_0$ tension}",
    eprint = "1805.08252",
    archivePrefix = "arXiv",
    primaryClass = "astro-ph.CO",
    doi = "10.1088/1475-7516/2018/09/019",
    journal = "JCAP",
    volume = "09",
    pages = "019",
    year = "2018"
}


@article{Yang:2018ubt,
    author = "Yang, Weiqiang and Pan, Supriya and Xu, Lixin and Mota, David F.",
    title = "{Effects of anisotropic stress in interacting dark matter \textendash{} dark energy scenarios}",
    eprint = "1804.08455",
    archivePrefix = "arXiv",
    primaryClass = "astro-ph.CO",
    doi = "10.1093/mnras/sty2789",
    journal = "Mon. Not. Roy. Astron. Soc.",
    volume = "482",
    number = "2",
    pages = "1858--1871",
    year = "2019"
}


@article{Barros:2018efl,
    author = "Barros, Bruno J. and Amendola, Luca and Barreiro, Tiago and Nunes, Nelson J.",
    title = "{Coupled quintessence with a $\Lambda$CDM background: removing the $\sigma_8$ tension}",
    eprint = "1802.09216",
    archivePrefix = "arXiv",
    primaryClass = "astro-ph.CO",
    doi = "10.1088/1475-7516/2019/01/007",
    journal = "JCAP",
    volume = "01",
    pages = "007",
    year = "2019"
}


@article{Martinelli:2019dau,
    author = "Martinelli, Matteo and Hogg, Natalie B. and Peirone, Simone and Bruni, Marco and Wands, David",
    title = "{Constraints on the interacting vacuum\textendash{}geodesic CDM scenario}",
    eprint = "1902.10694",
    archivePrefix = "arXiv",
    primaryClass = "astro-ph.CO",
    doi = "10.1093/mnras/stz1915",
    journal = "Mon. Not. Roy. Astron. Soc.",
    volume = "488",
    number = "3",
    pages = "3423--3438",
    year = "2019"
}


@article{Yang:2019uog,
    author = "Yang, Weiqiang and Pan, Supriya and Nunes, Rafael C. and Mota, David F.",
    title = "{Dark calling Dark: Interaction in the dark sector in presence of neutrino properties after Planck CMB final release}",
    eprint = "1910.08821",
    archivePrefix = "arXiv",
    primaryClass = "astro-ph.CO",
    doi = "10.1088/1475-7516/2020/04/008",
    journal = "JCAP",
    volume = "04",
    pages = "008",
    year = "2020"
}


@article{DiValentino:2019ffd,
    author = "Di Valentino, Eleonora and Melchiorri, Alessandro and Mena, Olga and Vagnozzi, Sunny",
    title = "{Interacting dark energy in the early 2020s: A promising solution to the $H_0$ and cosmic shear tensions}",
    eprint = "1908.04281",
    archivePrefix = "arXiv",
    primaryClass = "astro-ph.CO",
    doi = "10.1016/j.dark.2020.100666",
    journal = "Phys. Dark Univ.",
    volume = "30",
    pages = "100666",
    year = "2020"
}


@article{Pan:2019jqh,
    author = "Pan, Supriya and Yang, Weiqiang and Singha, Chiranjeeb and Saridakis, Emmanuel N.",
    title = "{Observational constraints on sign-changeable interaction models and alleviation of the $H_0$ tension}",
    eprint = "1903.10969",
    archivePrefix = "arXiv",
    primaryClass = "astro-ph.CO",
    doi = "10.1103/PhysRevD.100.083539",
    journal = "Phys. Rev. D",
    volume = "100",
    number = "8",
    pages = "083539",
    year = "2019"
}


@article{Kumar:2019wfs,
    author = "Kumar, Suresh and Nunes, Rafael C. and Yadav, Santosh Kumar",
    title = "{Dark sector interaction: a remedy of the tensions between CMB and LSS data}",
    eprint = "1903.04865",
    archivePrefix = "arXiv",
    primaryClass = "astro-ph.CO",
    doi = "10.1140/epjc/s10052-019-7087-7",
    journal = "Eur. Phys. J. C",
    volume = "79",
    number = "7",
    pages = "576",
    year = "2019"
}


@article{Yang:2019uzo,
    author = "Yang, Weiqiang and Mena, Olga and Pan, Supriya and Di Valentino, Eleonora",
    title = "{Dark sectors with dynamical coupling}",
    eprint = "1906.11697",
    archivePrefix = "arXiv",
    primaryClass = "astro-ph.CO",
    doi = "10.1103/PhysRevD.100.083509",
    journal = "Phys. Rev. D",
    volume = "100",
    number = "8",
    pages = "083509",
    year = "2019"
}


@article{Pan:2019gop,
    author = "Pan, Supriya and Yang, Weiqiang and Di Valentino, Eleonora and Saridakis, Emmanuel N. and Chakraborty, Subenoy",
    title = "{Interacting scenarios with dynamical dark energy: Observational constraints and alleviation of the $H_0$ tension}",
    eprint = "1907.07540",
    archivePrefix = "arXiv",
    primaryClass = "astro-ph.CO",
    doi = "10.1103/PhysRevD.100.103520",
    journal = "Phys. Rev. D",
    volume = "100",
    number = "10",
    pages = "103520",
    year = "2019"
}


@article{DiValentino:2020leo,
    author = "Di Valentino, Eleonora and Mena, Olga",
    title = "{A fake Interacting Dark Energy detection?}",
    eprint = "2009.12620",
    archivePrefix = "arXiv",
    primaryClass = "astro-ph.CO",
    doi = "10.1093/mnrasl/slaa175",
    journal = "Mon. Not. Roy. Astron. Soc.",
    volume = "500",
    number = "1",
    pages = "L22--L26",
    year = "2020"
}


@article{Yao:2020pji,
    author = "Yao, Yanhong and Meng, Xin-He",
    title = "{Relieve the $H_0$ tension with a new coupled generalized three-form dark energy model}",
    eprint = "2011.09160",
    archivePrefix = "arXiv",
    primaryClass = "astro-ph.CO",
    doi = "10.1016/j.dark.2021.100852",
    journal = "Phys. Dark Univ.",
    volume = "33",
    pages = "100852",
    year = "2021"
}


@article{Lucca:2020zjb,
    author = "Lucca, Matteo and Hooper, Deanna C.",
    title = "{Shedding light on dark matter-dark energy interactions}",
    eprint = "2002.06127",
    archivePrefix = "arXiv",
    primaryClass = "astro-ph.CO",
    reportNumber = "ULB-TH/20-01",
    doi = "10.1103/PhysRevD.102.123502",
    journal = "Phys. Rev. D",
    volume = "102",
    number = "12",
    pages = "123502",
    year = "2020"
}


@article{DiValentino:2020kpf,
    author = "Di Valentino, Eleonora and Melchiorri, Alessandro and Mena, Olga and Pan, Supriya and Yang, Weiqiang",
    title = "{Interacting Dark Energy in a closed universe}",
    eprint = "2011.00283",
    archivePrefix = "arXiv",
    primaryClass = "astro-ph.CO",
    doi = "10.1093/mnrasl/slaa207",
    journal = "Mon. Not. Roy. Astron. Soc.",
    volume = "502",
    number = "1",
    pages = "L23--L28",
    year = "2021"
}


@article{Gomez-Valent:2020mqn,
    author = "G\'omez-Valent, Adri\`a and Pettorino, Valeria and Amendola, Luca",
    title = "{Update on coupled dark energy and the $H_0$ tension}",
    eprint = "2004.00610",
    archivePrefix = "arXiv",
    primaryClass = "astro-ph.CO",
    doi = "10.1103/PhysRevD.101.123513",
    journal = "Phys. Rev. D",
    volume = "101",
    number = "12",
    pages = "123513",
    year = "2020"
}


@article{Yang:2020uga,
    author = "Yang, Weiqiang and Di Valentino, Eleonora and Mena, Olga and Pan, Supriya and Nunes, Rafael C.",
    title = "{All-inclusive interacting dark sector cosmologies}",
    eprint = "2001.10852",
    archivePrefix = "arXiv",
    primaryClass = "astro-ph.CO",
    doi = "10.1103/PhysRevD.101.083509",
    journal = "Phys. Rev. D",
    volume = "101",
    number = "8",
    pages = "083509",
    year = "2020"
}


@article{Yao:2020hkw,
    author = "Yao, Yan-Hong and Meng, Xin-He",
    title = "{A new coupled three-form dark energy model and implications for the $H_0$ tension}",
    eprint = "2205.14928",
    archivePrefix = "arXiv",
    primaryClass = "astro-ph.CO",
    doi = "10.1016/j.dark.2020.100729",
    journal = "Phys. Dark Univ.",
    volume = "30",
    pages = "100729",
    year = "2020"
}


@article{Pan:2020bur,
    author = "Pan, Supriya and Yang, Weiqiang and Paliathanasis, Andronikos",
    title = "{Non-linear interacting cosmological models after Planck 2018 legacy release and the $H_0$ tension}",
    eprint = "2002.03408",
    archivePrefix = "arXiv",
    primaryClass = "astro-ph.CO",
    doi = "10.1093/mnras/staa213",
    journal = "Mon. Not. Roy. Astron. Soc.",
    volume = "493",
    number = "3",
    pages = "3114--3131",
    year = "2020"
}


@article{Pan:2020mst,
    author = "Pan, Supriya and de Haro, Jaume and Yang, Weiqiang and Amor\'os, Jaume",
    title = "{Understanding the phenomenology of interacting dark energy scenarios and their theoretical bounds}",
    eprint = "2001.09885",
    archivePrefix = "arXiv",
    primaryClass = "gr-qc",
    doi = "10.1103/PhysRevD.101.123506",
    journal = "Phys. Rev. D",
    volume = "101",
    number = "12",
    pages = "123506",
    year = "2020"
}


@article{DiValentino:2020vnx,
    author = "Di Valentino, Eleonora",
    title = "{A combined analysis of the $H_0$ late time direct measurements and the impact on the Dark Energy sector}",
    eprint = "2011.00246",
    archivePrefix = "arXiv",
    primaryClass = "astro-ph.CO",
    reportNumber = "IPPP/20/72",
    doi = "10.1093/mnras/stab187",
    journal = "Mon. Not. Roy. Astron. Soc.",
    volume = "502",
    number = "2",
    pages = "2065--2073",
    year = "2021"
}


@article{Hogg:2020rdp,
    author = "Hogg, Natalie B. and Bruni, Marco and Crittenden, Robert and Martinelli, Matteo and Peirone, Simone",
    title = "{Latest evidence for a late time vacuum\textendash{}geodesic CDM interaction}",
    eprint = "2002.10449",
    archivePrefix = "arXiv",
    primaryClass = "astro-ph.CO",
    reportNumber = "IFT-UAM/CSIC-20-27",
    doi = "10.1016/j.dark.2020.100583",
    journal = "Phys. Dark Univ.",
    volume = "29",
    pages = "100583",
    year = "2020"
}


@article{SolaPeracaula:2021gxi,
    author = "Sol\`a Peracaula, Joan and G\'omez-Valent, Adri\`a and de Cruz Perez, Javier and Moreno-Pulido, Cristian",
    title = "{Running vacuum against the $H_0$ and $\sigma_8$ tensions}",
    eprint = "2102.12758",
    archivePrefix = "arXiv",
    primaryClass = "astro-ph.CO",
    doi = "10.1209/0295-5075/134/19001",
    journal = "EPL",
    volume = "134",
    number = "1",
    pages = "19001",
    year = "2021"
}


@article{Lucca:2021dxo,
    author = "Lucca, Matteo",
    title = "{Dark energy\textendash{}dark matter interactions as a solution to the S8 tension}",
    eprint = "2105.09249",
    archivePrefix = "arXiv",
    primaryClass = "astro-ph.CO",
    reportNumber = "ULB-TH/21-07",
    doi = "10.1016/j.dark.2021.100899",
    journal = "Phys. Dark Univ.",
    volume = "34",
    pages = "100899",
    year = "2021"
}


@article{Kumar:2021eev,
    author = "Kumar, Suresh",
    title = "{Remedy of some cosmological tensions via effective phantom-like behavior of interacting vacuum energy}",
    eprint = "2102.12902",
    archivePrefix = "arXiv",
    primaryClass = "astro-ph.CO",
    doi = "10.1016/j.dark.2021.100862",
    journal = "Phys. Dark Univ.",
    volume = "33",
    pages = "100862",
    year = "2021"
}


@article{Yang:2021hxg,
    author = "Yang, Weiqiang and Pan, Supriya and Di Valentino, Eleonora and Mena, Olga and Melchiorri, Alessandro",
    title = "{2021-H0 odyssey: closed, phantom and interacting dark energy cosmologies}",
    eprint = "2101.03129",
    archivePrefix = "arXiv",
    primaryClass = "astro-ph.CO",
    doi = "10.1088/1475-7516/2021/10/008",
    journal = "JCAP",
    volume = "10",
    pages = "008",
    year = "2021"
}


@article{Gao:2021xnk,
    author = "Gao, Li-Yang and Zhao, Ze-Wei and Xue, She-Sheng and Zhang, Xin",
    title = "{Relieving the H 0 tension with a new interacting dark energy model}",
    eprint = "2101.10714",
    archivePrefix = "arXiv",
    primaryClass = "astro-ph.CO",
    doi = "10.1088/1475-7516/2021/07/005",
    journal = "JCAP",
    volume = "07",
    pages = "005",
    year = "2021"
}


@article{Yang:2021oxc,
    author = "Yang, Weiqiang and Pan, Supriya and Arest\'e Sal\'o, Llibert and de Haro, Jaume",
    title = "{Theoretical and observational bounds on some interacting vacuum energy scenarios}",
    eprint = "2104.04505",
    archivePrefix = "arXiv",
    primaryClass = "astro-ph.CO",
    doi = "10.1103/PhysRevD.103.083520",
    journal = "Phys. Rev. D",
    volume = "103",
    number = "8",
    pages = "083520",
    year = "2021"
}


@article{Lucca:2021eqy,
    author = "Lucca, Matteo",
    title = "{Multi-interacting dark energy and its cosmological implications}",
    eprint = "2106.15196",
    archivePrefix = "arXiv",
    primaryClass = "astro-ph.CO",
    reportNumber = "ULB-TH/21-08",
    doi = "10.1103/PhysRevD.104.083510",
    journal = "Phys. Rev. D",
    volume = "104",
    number = "8",
    pages = "083510",
    year = "2021"
}


@article{Halder:2021jiv,
    author = "Halder, Ashadul and Pandey, Madhurima",
    title = "{Probing the effects of primordial black holes on 21-cm EDGES signal along with interacting dark energy and dark matter\textendash{}baryon scattering}",
    eprint = "2101.05228",
    archivePrefix = "arXiv",
    primaryClass = "astro-ph.CO",
    doi = "10.1093/mnras/stab2795",
    journal = "Mon. Not. Roy. Astron. Soc.",
    volume = "508",
    number = "3",
    pages = "3446--3454",
    year = "2021"
}


@article{Gariazzo:2021qtg,
    author = "Gariazzo, Stefano and Di Valentino, Eleonora and Mena, Olga and Nunes, Rafael C.",
    title = "{Late-time interacting cosmologies and the Hubble constant tension}",
    eprint = "2111.03152",
    archivePrefix = "arXiv",
    primaryClass = "astro-ph.CO",
    doi = "10.1103/PhysRevD.106.023530",
    journal = "Phys. Rev. D",
    volume = "106",
    number = "2",
    pages = "023530",
    year = "2022"
}


@article{Nunes:2021zzi,
    author = "Nunes, Rafael C. and Di Valentino, Eleonora",
    title = "{Dark sector interaction and the supernova absolute magnitude tension}",
    eprint = "2107.09151",
    archivePrefix = "arXiv",
    primaryClass = "astro-ph.CO",
    doi = "10.1103/PhysRevD.104.063529",
    journal = "Phys. Rev. D",
    volume = "104",
    number = "6",
    pages = "063529",
    year = "2021"
}


@article{Paliathanasis:2021egx,
    author = "Paliathanasis, Andronikos and Leon, Genly and Khyllep, Wompherdeiki and Dutta, Jibitesh and Pan, Supriya",
    title = "{Interacting quintessence in light of generalized uncertainty principle: cosmological perturbations and dynamics}",
    eprint = "2104.06097",
    archivePrefix = "arXiv",
    primaryClass = "gr-qc",
    doi = "10.1140/epjc/s10052-021-09362-8",
    journal = "Eur. Phys. J. C",
    volume = "81",
    number = "7",
    pages = "607",
    year = "2021"
}


@article{Bonilla:2021dql,
    author = "Bonilla, Alexander and Kumar, Suresh and Nunes, Rafael C. and Pan, Supriya",
    title = "{Reconstruction of the dark sectors\textquoteright{} interaction: A model-independent inference and forecast from GW standard sirens}",
    eprint = "2102.06149",
    archivePrefix = "arXiv",
    primaryClass = "astro-ph.CO",
    doi = "10.1093/mnras/stac687",
    journal = "Mon. Not. Roy. Astron. Soc.",
    volume = "512",
    number = "3",
    pages = "4231--4238",
    year = "2022"
}


@article{Kaneta:2022kjj,
    author = "Kaneta, Kunio and Lee, Hye-Sung and Lee, Jiheon and Yi, Jaeok",
    title = "{Gauged quintessence}",
    eprint = "2208.09229",
    archivePrefix = "arXiv",
    primaryClass = "astro-ph.CO",
    doi = "10.1088/1475-7516/2023/02/005",
    journal = "JCAP",
    volume = "02",
    pages = "005",
    year = "2023"
}


@article{Chatzidakis:2022mpf,
    author = "Chatzidakis, S. and Giacomini, A. and Leach, P. G. L. and Leon, G. and Paliathanasis, A. and Pan, Supriya",
    title = "{Interacting dark energy in curved FLRW spacetime from Weyl Integrable Spacetime}",
    eprint = "2206.06639",
    archivePrefix = "arXiv",
    primaryClass = "gr-qc",
    doi = "10.1016/j.jheap.2022.10.001",
    journal = "JHEAp",
    volume = "36",
    pages = "141--151",
    year = "2022"
}


@article{Yang:2022csz,
    author = "Yang, Weiqiang and Pan, Supriya and Mena, Olga and Di Valentino, Eleonora",
    title = "{On the dynamics of a dark sector coupling}",
    eprint = "2209.14816",
    archivePrefix = "arXiv",
    primaryClass = "astro-ph.CO",
    doi = "10.1016/j.jheap.2023.09.001",
    journal = "JHEAp",
    volume = "40",
    pages = "19--40",
    year = "2023"
}


@article{Nunes:2022bhn,
    author = "Nunes, Rafael C. and Vagnozzi, Sunny and Kumar, Suresh and Di Valentino, Eleonora and Mena, Olga",
    title = "{New tests of dark sector interactions from the full-shape galaxy power spectrum}",
    eprint = "2203.08093",
    archivePrefix = "arXiv",
    primaryClass = "astro-ph.CO",
    doi = "10.1103/PhysRevD.105.123506",
    journal = "Phys. Rev. D",
    volume = "105",
    number = "12",
    pages = "123506",
    year = "2022"
}


@article{Goh:2022gxo,
    author = "Goh, Lisa W. K. and G\'omez-Valent, Adri\`a and Pettorino, Valeria and Kilbinger, Martin",
    title = "{Constraining constant and tomographic coupled dark energy with low-redshift and high-redshift probes}",
    eprint = "2211.13588",
    archivePrefix = "arXiv",
    primaryClass = "astro-ph.CO",
    doi = "10.1103/PhysRevD.107.083503",
    journal = "Phys. Rev. D",
    volume = "107",
    number = "8",
    pages = "083503",
    year = "2023"
}


@article{Gomez-Valent:2022bku,
    author = "G\'omez-Valent, Adri\`a and Zheng, Ziyang and Amendola, Luca and Wetterich, Christof and Pettorino, Valeria",
    title = "{Coupled and uncoupled early dark energy, massive neutrinos, and the cosmological tensions}",
    eprint = "2207.14487",
    archivePrefix = "arXiv",
    primaryClass = "astro-ph.CO",
    doi = "10.1103/PhysRevD.106.103522",
    journal = "Phys. Rev. D",
    volume = "106",
    number = "10",
    pages = "103522",
    year = "2022"
}


@article{vanderWesthuizen:2023hcl,
    author = "van der Westhuizen, Marcel A. and Abebe, Amare",
    title = "{Interacting dark energy: clarifying the cosmological implications and viability conditions}",
    eprint = "2302.11949",
    archivePrefix = "arXiv",
    primaryClass = "gr-qc",
    doi = "10.1088/1475-7516/2024/01/048",
    journal = "JCAP",
    volume = "01",
    pages = "048",
    year = "2024"
}

@article{deCruzPerez:2023wzd,
    author = "de Cruz Perez, Javier and Sola Peracaula, Joan",
    title = "{Running vacuum in Brans \& Dicke theory: A possible cure for the \ensuremath{\sigma}8 and H0 tensions}",
    eprint = "2302.04807",
    archivePrefix = "arXiv",
    primaryClass = "astro-ph.CO",
    doi = "10.1016/j.dark.2023.101406",
    journal = "Phys. Dark Univ.",
    volume = "43",
    pages = "101406",
    year = "2024"
}


@article{Escamilla:2023shf,
    author = "Escamilla, Luis A. and Akarsu, Ozgur and Di Valentino, Eleonora and Vazquez, J. Alberto",
    title = "{Model-independent reconstruction of the interacting dark energy kernel: Binned and Gaussian process}",
    eprint = "2305.16290",
    archivePrefix = "arXiv",
    primaryClass = "astro-ph.CO",
    doi = "10.1088/1475-7516/2023/11/051",
    journal = "JCAP",
    volume = "11",
    pages = "051",
    year = "2023"
}

@article{Pan:2023mie,
    author = "Pan, Supriya and Yang, Weiqiang",
    title = "{On the interacting dark energy scenarios $-$ the case for Hubble constant tension}",
    eprint = "2310.07260",
    archivePrefix = "arXiv",
    primaryClass = "astro-ph.CO",
    month = "10",
    year = "2023"
}

@article{Bamba:2012cp,
    author = "Bamba, Kazuharu and Capozziello, Salvatore and Nojiri, Shin'ichi and Odintsov, Sergei D.",
    title = "{Dark energy cosmology: the equivalent description via different theoretical models and cosmography tests}",
    eprint = "1205.3421",
    archivePrefix = "arXiv",
    primaryClass = "gr-qc",
    doi = "10.1007/s10509-012-1181-8",
    journal = "Astrophys. Space Sci.",
    volume = "342",
    pages = "155--228",
    year = "2012"
}

@ARTICLE{Jackson_2009,
       author = {{Jackson}, Brendan M. and {Taylor}, Andy and {Berera}, Arjun},
        title = "{On the large-scale instability in interacting dark energy and dark matter fluids}",
      journal = {\prd},
     keywords = {98.80.Jk, 95.35.+d, 95.36.+x, Mathematical and relativistic aspects of cosmology, Dark matter, Dark energy, Astrophysics - Cosmology and Extragalactic Astrophysics},
         year = 2009,
        month = feb,
       volume = {79},
       number = {4},
          eid = {043526},
        pages = {043526},
          doi = {10.1103/PhysRevD.79.043526},
archivePrefix = {arXiv},
       eprint = {0901.3272},
 primaryClass = {astro-ph.CO},
       adsurl = {https://ui.adsabs.harvard.edu/abs/2009PhRvD..79d3526J},
      adsnote = {Provided by the SAO/NASA Astrophysics Data System}
}


@article{He:2008si,
    author = "He, Jian-Hua and Wang, Bin and Abdalla, Elcio",
    title = "{Stability of the curvature perturbation in dark sectors' mutual interacting models}",
    eprint = "0807.3471",
    archivePrefix = "arXiv",
    primaryClass = "gr-qc",
    doi = "10.1016/j.physletb.2008.11.062",
    journal = "Phys. Lett. B",
    volume = "671",
    pages = "139--145",
    year = "2009"
}


@article{Hu:2006ar,
    author = "Hu, Bo and Ling, Yi",
    title = "{Interacting dark energy, holographic principle and coincidence problem}",
    eprint = "hep-th/0601093",
    archivePrefix = "arXiv",
    doi = "10.1103/PhysRevD.73.123510",
    journal = "Phys. Rev. D",
    volume = "73",
    pages = "123510",
    year = "2006"
}


@article{Sadjadi:2006qp,
    author = "Sadjadi, H. Mohseni and Alimohammadi, M.",
    title = "{Cosmological coincidence problem in interactive dark energy models}",
    eprint = "gr-qc/0610080",
    archivePrefix = "arXiv",
    doi = "10.1103/PhysRevD.74.103007",
    journal = "Phys. Rev. D",
    volume = "74",
    pages = "103007",
    year = "2006"
}


@article{delCampo:2008jx,
    author = "del Campo, Sergio and Herrera, Ramon and Pavon, Diego",
    title = "{Interacting models may be key to solve the cosmic coincidence problem}",
    eprint = "0812.2210",
    archivePrefix = "arXiv",
    primaryClass = "gr-qc",
    doi = "10.1088/1475-7516/2009/01/020",
    journal = "JCAP",
    volume = "01",
    pages = "020",
    year = "2009"
}


@article{Dutta:2017kch,
    author = "Dutta, Jibitesh and Khyllep, Wompherdeiki and Tamanini, Nicola",
    title = "{Scalar-Fluid interacting dark energy: cosmological dynamics beyond the exponential potential}",
    eprint = "1701.00744",
    archivePrefix = "arXiv",
    primaryClass = "gr-qc",
    doi = "10.1103/PhysRevD.95.023515",
    journal = "Phys. Rev. D",
    volume = "95",
    number = "2",
    pages = "023515",
    year = "2017"
}


@article{Dutta:2017fjw,
    author = "Dutta, Jibitesh and Khyllep, Wompherdeiki and Saridakis, Emmanuel N. and Tamanini, Nicola and Vagnozzi, Sunny",
    title = "{Cosmological dynamics of mimetic gravity}",
    eprint = "1711.07290",
    archivePrefix = "arXiv",
    primaryClass = "gr-qc",
    doi = "10.1088/1475-7516/2018/02/041",
    journal = "JCAP",
    volume = "02",
    pages = "041",
    year = "2018"
}



@article{Wetterich:1994bg,
    author = "Wetterich, Christof",
    title = "{The Cosmon model for an asymptotically vanishing time dependent cosmological 'constant'}",
    eprint = "hep-th/9408025",
    archivePrefix = "arXiv",
    reportNumber = "HD-THEP-94-16",
    journal = "Astron. Astrophys.",
    volume = "301",
    pages = "321--328",
    year = "1995"
}


@article{Amendola:1999dr,
    author = "Amendola, Luca",
    title = "{Perturbations in a coupled scalar field cosmology}",
    eprint = "astro-ph/9906073",
    archivePrefix = "arXiv",
    doi = "10.1046/j.1365-8711.2000.03165.x",
    journal = "Mon. Not. Roy. Astron. Soc.",
    volume = "312",
    pages = "521",
    year = "2000"
}


@article{Amendola:1999er,
    author = "Amendola, Luca",
    title = "{Coupled quintessence}",
    eprint = "astro-ph/9908023",
    archivePrefix = "arXiv",
    doi = "10.1103/PhysRevD.62.043511",
    journal = "Phys. Rev. D",
    volume = "62",
    pages = "043511",
    year = "2000"
}


@article{Mangano:2002gg,
    author = "Mangano, G. and Miele, Gennaro and Pettorino, V.",
    title = "{Coupled quintessence and the coincidence problem}",
    eprint = "astro-ph/0212518",
    archivePrefix = "arXiv",
    reportNumber = "DSF-26-02",
    doi = "10.1142/S0217732303009940",
    journal = "Mod. Phys. Lett. A",
    volume = "18",
    pages = "831--842",
    year = "2003"
}


@article{Zhang:2005rg,
    author = "Zhang, Xin",
    title = "{Coupled quintessence in a power-law case and the cosmic coincidence problem}",
    eprint = "astro-ph/0503072",
    archivePrefix = "arXiv",
    doi = "10.1142/S0217732305017597",
    journal = "Mod. Phys. Lett. A",
    volume = "20",
    pages = "2575",
    year = "2005"
}


@article{Saridakis:2010mf,
    author = "Saridakis, Emmanuel N. and Sushkov, Sergey V.",
    title = "{Quintessence and phantom cosmology with non-minimal derivative coupling}",
    eprint = "1002.3478",
    archivePrefix = "arXiv",
    primaryClass = "gr-qc",
    doi = "10.1103/PhysRevD.81.083510",
    journal = "Phys. Rev. D",
    volume = "81",
    pages = "083510",
    year = "2010"
}


@article{DAmico:2018mnx,
    author = "D'Amico, Guido and Kaloper, Nemanja and Lawrence, Albion",
    title = "{Strongly Coupled Quintessence}",
    eprint = "1809.05109",
    archivePrefix = "arXiv",
    primaryClass = "hep-th",
    reportNumber = "BRX-TH-6637, CERN-TH-2018-202",
    doi = "10.1103/PhysRevD.100.103504",
    journal = "Phys. Rev. D",
    volume = "100",
    number = "10",
    pages = "103504",
    year = "2019"
}


@article{Liu:2019ygl,
    author = "Liu, Xue-Wen and Heneka, Caroline and Amendola, Luca",
    title = "{Constraining coupled quintessence with the 21cm signal}",
    eprint = "1910.02763",
    archivePrefix = "arXiv",
    primaryClass = "astro-ph.CO",
    doi = "10.1088/1475-7516/2020/05/038",
    journal = "JCAP",
    volume = "05",
    number = "05",
    pages = "038",
    year = "2020"
}


@article{Farrar:2003uw,
    author = "Farrar, Glennys R. and Peebles, P. James E.",
    title = "{Interacting dark matter and dark energy}",
    eprint = "astro-ph/0307316",
    archivePrefix = "arXiv",
    doi = "10.1086/381728",
    journal = "Astrophys. J.",
    volume = "604",
    pages = "1--11",
    year = "2004"
}


@article{Barrow:2006hia,
    author = "Barrow, John D. and Clifton, T.",
    title = "{Cosmologies with energy exchange}",
    eprint = "gr-qc/0604063",
    archivePrefix = "arXiv",
    doi = "10.1103/PhysRevD.73.103520",
    journal = "Phys. Rev. D",
    volume = "73",
    pages = "103520",
    year = "2006"
}


@article{Amendola:2006dg,
    author = "Amendola, Luca and Camargo Campos, Gabriela and Rosenfeld, Rogerio",
    title = "{Consequences of dark matter-dark energy interaction on cosmological parameters derived from SNIa data}",
    eprint = "astro-ph/0610806",
    archivePrefix = "arXiv",
    reportNumber = "IFT-P-035-2006",
    doi = "10.1103/PhysRevD.75.083506",
    journal = "Phys. Rev. D",
    volume = "75",
    pages = "083506",
    year = "2007"
}


@article{He:2008tn,
    author = "He, Jian-Hua and Wang, Bin",
    title = "{Effects of the interaction between dark energy and dark matter on cosmological parameters}",
    eprint = "0801.4233",
    archivePrefix = "arXiv",
    primaryClass = "astro-ph",
    doi = "10.1088/1475-7516/2008/06/010",
    journal = "JCAP",
    volume = "06",
    pages = "010",
    year = "2008"
}




@article{CalderaCabral:2009ja,
    author = "Caldera-Cabral, Gabriela and Maartens, Roy and Schaefer, Bjoern Malte",
    title = "{The Growth of Structure in Interacting Dark Energy Models}",
    eprint = "0905.0492",
    archivePrefix = "arXiv",
    primaryClass = "astro-ph.CO",
    doi = "10.1088/1475-7516/2009/07/027",
    journal = "JCAP",
    volume = "07",
    pages = "027",
    year = "2009"
}


@article{Majerotto:2009np,
    author = "Majerotto, Elisabetta and Valiviita, Jussi and Maartens, Roy",
    title = "{Adiabatic initial conditions for perturbations in interacting dark energy models}",
    eprint = "0907.4981",
    archivePrefix = "arXiv",
    primaryClass = "astro-ph.CO",
    doi = "10.1111/j.1365-2966.2009.16140.x",
    journal = "Mon. Not. Roy. Astron. Soc.",
    volume = "402",
    pages = "2344--2354",
    year = "2010"
}


@article{Abdalla:2009mt,
    author = "Abdalla, Elcio and Abramo, L. Raul and de Souza, Jose C. C.",
    title = "{Signature of the interaction between dark energy and dark matter in observations}",
    eprint = "0910.5236",
    archivePrefix = "arXiv",
    primaryClass = "gr-qc",
    doi = "10.1103/PhysRevD.82.023508",
    journal = "Phys. Rev. D",
    volume = "82",
    pages = "023508",
    year = "2010"
}


@article{Honorez:2010rr,
    author = "Lopez Honorez, Laura and Reid, Beth A. and Mena, Olga and Verde, Licia and Jimenez, Raul",
    title = "{Coupled dark matter-dark energy in light of near Universe observations}",
    eprint = "1006.0877",
    archivePrefix = "arXiv",
    primaryClass = "astro-ph.CO",
    doi = "10.1088/1475-7516/2010/09/029",
    journal = "JCAP",
    volume = "09",
    pages = "029",
    year = "2010"
}


@article{Clemson:2011an,
    author = "Clemson, Timothy and Koyama, Kazuya and Zhao, Gong-Bo and Maartens, Roy and Valiviita, Jussi",
    title = "{Interacting Dark Energy -- constraints and degeneracies}",
    eprint = "1109.6234",
    archivePrefix = "arXiv",
    primaryClass = "astro-ph.CO",
    doi = "10.1103/PhysRevD.85.043007",
    journal = "Phys. Rev. D",
    volume = "85",
    pages = "043007",
    year = "2012"
}


@article{Pan:2012ki,
    author = "Pan, Supriya and Bhattacharya, Subhra and Chakraborty, Subenoy",
    title = "{An analytic model for interacting dark energy and its observational constraints}",
    eprint = "1210.0396",
    archivePrefix = "arXiv",
    primaryClass = "gr-qc",
    doi = "10.1093/mnras/stv1495",
    journal = "Mon. Not. Roy. Astron. Soc.",
    volume = "452",
    number = "3",
    pages = "3038--3046",
    year = "2015"
}


@article{Salvatelli:2013wra,
    author = "Salvatelli, Valentina and Marchini, Andrea and Lopez-Honorez, Laura and Mena, Olga",
    title = "{New constraints on Coupled Dark Energy from the Planck satellite experiment}",
    eprint = "1304.7119",
    archivePrefix = "arXiv",
    primaryClass = "astro-ph.CO",
    doi = "10.1103/PhysRevD.88.023531",
    journal = "Phys. Rev. D",
    volume = "88",
    number = "2",
    pages = "023531",
    year = "2013"
}


@article{Yang:2014gza,
    author = "Yang, Weiqiang and Xu, Lixin",
    title = "{Cosmological constraints on interacting dark energy with redshift-space distortion after Planck data}",
    eprint = "1401.1286",
    archivePrefix = "arXiv",
    primaryClass = "astro-ph.CO",
    doi = "10.1103/PhysRevD.89.083517",
    journal = "Phys. Rev. D",
    volume = "89",
    number = "8",
    pages = "083517",
    year = "2014"
}


@article{Nunes:2014qoa,
    author = "Nunes, Rafael C. and Barboza, Edesio M.",
    title = "{Dark matter-dark energy interaction for a time-dependent EoS parameter}",
    eprint = "1404.1620",
    archivePrefix = "arXiv",
    primaryClass = "astro-ph.CO",
    doi = "10.1007/s10714-014-1820-1",
    journal = "Gen. Rel. Grav.",
    volume = "46",
    pages = "1820",
    year = "2014"
}


@article{Faraoni:2014vra,
    author = "Faraoni, Valerio and Dent, James B. and Saridakis, Emmanuel N.",
    title = "{Covariantizing the interaction between dark energy and dark matter}",
    eprint = "1405.7288",
    archivePrefix = "arXiv",
    primaryClass = "gr-qc",
    doi = "10.1103/PhysRevD.90.063510",
    journal = "Phys. Rev. D",
    volume = "90",
    number = "6",
    pages = "063510",
    year = "2014"
}


@article{Pan:2014afa,
    author = "Pan, Supriya and Chakraborty, Subenoy",
    title = "{A cosmographic analysis of holographic dark energy models}",
    eprint = "1410.8281",
    archivePrefix = "arXiv",
    primaryClass = "gr-qc",
    doi = "10.1142/S0218271814500928",
    journal = "Int. J. Mod. Phys. D",
    volume = "23",
    number = "11",
    pages = "1450092",
    year = "2014"
}


@article{Tamanini:2015iia,
    author = "Tamanini, Nicola",
    title = "{Phenomenological models of dark energy interacting with dark matter}",
    eprint = "1504.07397",
    archivePrefix = "arXiv",
    primaryClass = "gr-qc",
    doi = "10.1103/PhysRevD.92.043524",
    journal = "Phys. Rev. D",
    volume = "92",
    number = "4",
    pages = "043524",
    year = "2015"
}


@article{Li:2015vla,
    author = "Li, Yun-He and Zhang, Jing-Fei and Zhang, Xin",
    title = "{Testing models of vacuum energy interacting with cold dark matter}",
    eprint = "1506.06349",
    archivePrefix = "arXiv",
    primaryClass = "astro-ph.CO",
    doi = "10.1103/PhysRevD.93.023002",
    journal = "Phys. Rev. D",
    volume = "93",
    number = "2",
    pages = "023002",
    year = "2016"
}




@article{Nunes:2016dlj,
    author = "Nunes, Rafael C. and Pan, Supriya and Saridakis, Emmanuel N.",
    title = "{New constraints on interacting dark energy from cosmic chronometers}",
    eprint = "1605.01712",
    archivePrefix = "arXiv",
    primaryClass = "astro-ph.CO",
    reportNumber = "PHYS.REV.-D94-(2016), 023508",
    doi = "10.1103/PhysRevD.94.023508",
    journal = "Phys. Rev. D",
    volume = "94",
    number = "2",
    pages = "023508",
    year = "2016"
}


@article{Yang:2016evp,
    author = "Yang, Weiqiang and Li, Hang and Wu, Yabo and Lu, Jianbo",
    title = "{Cosmological constraints on coupled dark energy}",
    eprint = "1608.07039",
    archivePrefix = "arXiv",
    primaryClass = "astro-ph.CO",
    doi = "10.1088/1475-7516/2016/10/007",
    journal = "JCAP",
    volume = "10",
    pages = "007",
    year = "2016"
}


@article{Pan:2016ngu,
    author = "Pan, Supriya and Sharov, G. S.",
    title = "{A model with interaction of dark components and recent observational data}",
    eprint = "1609.02287",
    archivePrefix = "arXiv",
    primaryClass = "gr-qc",
    doi = "10.1093/mnras/stx2278",
    journal = "Mon. Not. Roy. Astron. Soc.",
    volume = "472",
    number = "4",
    pages = "4736--4749",
    year = "2017"
}


@article{Sharov:2017iue,
    author = "Sharov, German S. and Bhattacharya, Subhra and Pan, Supriya and Nunes, Rafael C. and Chakraborty, Subenoy",
    title = "{A new interacting two fluid model and its consequences}",
    eprint = "1701.00780",
    archivePrefix = "arXiv",
    primaryClass = "gr-qc",
    doi = "10.1093/mnras/stw3358",
    journal = "Mon. Not. Roy. Astron. Soc.",
    volume = "466",
    number = "3",
    pages = "3497--3506",
    year = "2017"
}


@article{An:2017kqu,
    author = "An, Rui and Feng, Chang and Wang, Bin",
    title = "{Constraints on the dark matter and dark energy interactions from weak lensing bispectrum tomography}",
    eprint = "1706.02845",
    archivePrefix = "arXiv",
    primaryClass = "astro-ph.CO",
    doi = "10.1088/1475-7516/2017/10/049",
    journal = "JCAP",
    volume = "10",
    pages = "049",
    year = "2017"
}


@article{Santos:2017bqm,
    author = "Santos, Larissa and Zhao, Wen and Ferreira, Elisa G. M. and Quintin, Jerome",
    title = "{Constraining interacting dark energy with CMB and BAO future surveys}",
    eprint = "1707.06827",
    archivePrefix = "arXiv",
    primaryClass = "astro-ph.CO",
    doi = "10.1103/PhysRevD.96.103529",
    journal = "Phys. Rev. D",
    volume = "96",
    number = "10",
    pages = "103529",
    year = "2017"
}


@article{Mifsud:2017fsy,
    author = "Mifsud, Jurgen and Van De Bruck, Carsten",
    title = "{Probing the imprints of generalized interacting dark energy on the growth of perturbations}",
    eprint = "1707.07667",
    archivePrefix = "arXiv",
    primaryClass = "astro-ph.CO",
    doi = "10.1088/1475-7516/2017/11/001",
    journal = "JCAP",
    volume = "11",
    pages = "001",
    year = "2017"
}


@article{Kumar:2017bpv,
    author = "Kumar, Suresh and Nunes, Rafael C.",
    title = "{Observational constraints on dark matter\textendash{}dark energy scattering cross section}",
    eprint = "1709.02384",
    archivePrefix = "arXiv",
    primaryClass = "astro-ph.CO",
    doi = "10.1140/epjc/s10052-017-5334-3",
    journal = "Eur. Phys. J. C",
    volume = "77",
    number = "11",
    pages = "734",
    year = "2017"
}


@article{Guo:2017deu,
    author = "Guo, Juan-Juan and Zhang, Jing-Fei and Li, Yun-He and He, Dong-Ze and Zhang, Xin",
    title = "{Probing the sign-changeable interaction between dark energy and dark matter with current observations}",
    eprint = "1710.03068",
    archivePrefix = "arXiv",
    primaryClass = "astro-ph.CO",
    doi = "10.1007/s11433-017-9131-9",
    journal = "Sci. China Phys. Mech. Astron.",
    volume = "61",
    number = "3",
    pages = "030011",
    year = "2018"
}


@article{Pan:2017ent,
    author = "Pan, Supriya and Mukherjee, Ankan and Banerjee, Narayan",
    title = "{Astronomical bounds on a cosmological model allowing a general interaction in the dark sector}",
    eprint = "1710.03725",
    archivePrefix = "arXiv",
    primaryClass = "astro-ph.CO",
    doi = "10.1093/mnras/sty755",
    journal = "Mon. Not. Roy. Astron. Soc.",
    volume = "477",
    number = "1",
    pages = "1189--1205",
    year = "2018"
}


@article{An:2017crg,
    author = "An, Rui and Feng, Chang and Wang, Bin",
    title = "{Relieving the Tension between Weak Lensing and Cosmic Microwave Background with Interacting Dark Matter and Dark Energy Models}",
    eprint = "1711.06799",
    archivePrefix = "arXiv",
    primaryClass = "astro-ph.CO",
    doi = "10.1088/1475-7516/2018/02/038",
    journal = "JCAP",
    volume = "02",
    pages = "038",
    year = "2018"
}


@article{Costa:2018aoy,
    author = "Costa, Andre A. and Landim, Ricardo C. G. and Wang, Bin and Abdalla, E.",
    title = "{Interacting Dark Energy: Possible Explanation for 21-cm Absorption at Cosmic Dawn}",
    eprint = "1803.06944",
    archivePrefix = "arXiv",
    primaryClass = "astro-ph.CO",
    reportNumber = "SLAC-PUB-17304",
    doi = "10.1140/epjc/s10052-018-6237-7",
    journal = "Eur. Phys. J. C",
    volume = "78",
    number = "9",
    pages = "746",
    year = "2018"
}


@article{Wang:2018azy,
    author = "Wang, Yuting and Zhao, Gong-Bo",
    title = "{Constraining the dark matter-vacuum energy interaction using the EDGES 21-cm absorption signal}",
    eprint = "1805.11210",
    archivePrefix = "arXiv",
    primaryClass = "astro-ph.CO",
    doi = "10.3847/1538-4357/aaeb9c",
    journal = "Astrophys. J.",
    volume = "869",
    number = "1",
    pages = "26",
    year = "2018"
}


@article{vonMarttens:2018iav,
    author = "von Marttens, R. and Casarini, L. and Mota, D. F. and Zimdahl, W.",
    title = "{Cosmological constraints on parametrized interacting dark energy}",
    eprint = "1807.11380",
    archivePrefix = "arXiv",
    primaryClass = "astro-ph.CO",
    doi = "10.1016/j.dark.2018.10.007",
    journal = "Phys. Dark Univ.",
    volume = "23",
    pages = "100248",
    year = "2019"
}


@article{Yang:2018qec,
    author = "Yang, Weiqiang and Banerjee, Narayan and Paliathanasis, Andronikos and Pan, Supriya",
    title = "{Reconstructing the dark matter and dark energy interaction scenarios from observations}",
    eprint = "1812.06854",
    archivePrefix = "arXiv",
    primaryClass = "astro-ph.CO",
    doi = "10.1016/j.dark.2019.100383",
    journal = "Phys. Dark Univ.",
    volume = "26",
    pages = "100383",
    year = "2019"
}




@article{Li:2019loh,
    author = "Li, Chunlong and Ren, Xin and Khurshudyan, Martiros and Cai, Yi-Fu",
    title = "{Implications of the possible 21-cm line excess at cosmic dawn on dynamics of interacting dark energy}",
    eprint = "1904.02458",
    archivePrefix = "arXiv",
    primaryClass = "astro-ph.CO",
    doi = "10.1016/j.physletb.2019.135141",
    journal = "Phys. Lett. B",
    volume = "801",
    pages = "135141",
    year = "2020"
}


@article{Yang:2019vni,
    author = "Yang, Weiqiang and Vagnozzi, Sunny and Di Valentino, Eleonora and Nunes, Rafael C. and Pan, Supriya and Mota, David F.",
    title = "{Listening to the sound of dark sector interactions with gravitational wave standard sirens}",
    eprint = "1905.08286",
    archivePrefix = "arXiv",
    primaryClass = "astro-ph.CO",
    doi = "10.1088/1475-7516/2019/07/037",
    journal = "JCAP",
    volume = "07",
    pages = "037",
    year = "2019"
}


@article{Bachega:2019fki,
    author = "Bachega, Riis R. A. and Costa, Andr\'e A. and Abdalla, E. and Fornazier, K. S. F.",
    title = "{Forecasting the Interaction in Dark Matter-Dark Energy Models with Standard Sirens From the Einstein Telescope}",
    eprint = "1906.08909",
    archivePrefix = "arXiv",
    primaryClass = "astro-ph.CO",
    doi = "10.1088/1475-7516/2020/05/021",
    journal = "JCAP",
    volume = "05",
    pages = "021",
    year = "2020"
}




@article{Li:2019ajo,
    author = "Li, Hai-Li and He, Dong-Ze and Zhang, Jing-Fei and Zhang, Xin",
    title = "{Quantifying the impacts of future gravitational-wave data on constraining interacting dark energy}",
    eprint = "1908.03098",
    archivePrefix = "arXiv",
    primaryClass = "astro-ph.CO",
    doi = "10.1088/1475-7516/2020/06/038",
    journal = "JCAP",
    volume = "06",
    pages = "038",
    year = "2020"
}


@article{Mukhopadhyay:2019jla,
    author = "Mukhopadhyay, Upala and Paul, Avik and Majumdar, Debasish",
    title = "{Addressing the high-$f$ problem in pseudo-Nambu\textendash{}Goldstone boson dark energy models with dark matter\textendash{}dark energy interaction}",
    eprint = "1909.03925",
    archivePrefix = "arXiv",
    primaryClass = "astro-ph.CO",
    doi = "10.1140/epjc/s10052-020-08457-y",
    journal = "Eur. Phys. J. C",
    volume = "80",
    number = "10",
    pages = "904",
    year = "2020"
}


@article{Carneiro:2019rly,
    author = "von Marttens, R. and Borges, H. A. and Carneiro, S. and Alcaniz, J. S. and Zimdahl, W.",
    title = "{Unphysical properties in a class of interacting dark energy models}",
    eprint = "1909.10336",
    archivePrefix = "arXiv",
    primaryClass = "gr-qc",
    doi = "10.1140/epjc/s10052-020-08682-5",
    journal = "Eur. Phys. J. C",
    volume = "80",
    number = "12",
    pages = "1110",
    year = "2020"
}


@article{Kase:2019veo,
    author = "Kase, Ryotaro and Tsujikawa, Shinji",
    title = "{Scalar-Field Dark Energy Nonminimally and Kinetically Coupled to Dark Matter}",
    eprint = "1910.02699",
    archivePrefix = "arXiv",
    primaryClass = "gr-qc",
    doi = "10.1103/PhysRevD.101.063511",
    journal = "Phys. Rev. D",
    volume = "101",
    number = "6",
    pages = "063511",
    year = "2020"
}


@article{Yamanaka:2019aeq,
    author = "Yamanaka, Nodoka and Iida, Hideaki and Nakamura, Atsushi and Wakayama, Masayuki",
    title = "{Dark matter scattering cross section and dynamics in dark Yang-Mills theory}",
    eprint = "1910.01440",
    archivePrefix = "arXiv",
    primaryClass = "hep-ph",
    doi = "10.1016/j.physletb.2020.136056",
    journal = "Phys. Lett. B",
    volume = "813",
    pages = "136056",
    year = "2021"
}


@article{Yamanaka:2019yek,
    author = "Yamanaka, Nodoka and Iida, Hideaki and Nakamura, Atsushi and Wakayama, Masayuki",
    title = "{Glueball scattering cross section in lattice SU(2) Yang-Mills theory}",
    eprint = "1910.07756",
    archivePrefix = "arXiv",
    primaryClass = "hep-lat",
    doi = "10.1103/PhysRevD.102.054507",
    journal = "Phys. Rev. D",
    volume = "102",
    number = "5",
    pages = "054507",
    year = "2020"
}


@article{Teixeira:2022sjr,
    author = "Teixeira, Elsa M. and Barros, Bruno J. and Ferreira, Vasco M. C. and Frusciante, Noemi",
    title = "{Dissecting kinetically coupled quintessence: phenomenology and observational tests}",
    eprint = "2207.13682",
    archivePrefix = "arXiv",
    primaryClass = "astro-ph.CO",
    doi = "10.1088/1475-7516/2022/11/059",
    journal = "JCAP",
    volume = "11",
    pages = "059",
    year = "2022"
}

@article{Teixeira:2023zjt,
    author = "Teixeira, Elsa M. and Daniel, Richard and Frusciante, Noemi and van de Bruck, Carsten",
    title = "{Forecasts on interacting dark energy with standard sirens}",
    eprint = "2309.06544",
    archivePrefix = "arXiv",
    primaryClass = "astro-ph.CO",
    doi = "10.1103/PhysRevD.108.084070",
    journal = "Phys. Rev. D",
    volume = "108",
    number = "8",
    pages = "084070",
    year = "2023"
}

@article{vandeBruck:2020fjo,
    author = "van de Bruck, Carsten and Teixeira, Elsa M.",
    title = "{Dark D-Brane Cosmology: from background evolution to cosmological perturbations}",
    eprint = "2007.15414",
    archivePrefix = "arXiv",
    primaryClass = "gr-qc",
    doi = "10.1103/PhysRevD.102.103503",
    journal = "Phys. Rev. D",
    volume = "102",
    number = "10",
    pages = "103503",
    year = "2020"
}

@article{Mifsud:2019fut,
    author = "Mifsud, Jurgen and van de Bruck, Carsten",
    title = "{An interacting dark sector and the implications of the first gravitational-wave standard siren detection on current constraints}",
    doi = "10.1093/mnras/stz1293",
    journal = "Mon. Not. Roy. Astron. Soc.",
    volume = "487",
    number = "1",
    pages = "900--907",
    year = "2019"
}

@article{vandeBruck:2022xbk,
    author = "van de Bruck, Carsten and Poulot, Gaspard and Teixeira, Elsa M.",
    title = "{Scalar field dark matter and dark energy: a hybrid model for the dark sector}",
    eprint = "2211.13653",
    archivePrefix = "arXiv",
    primaryClass = "hep-th",
    doi = "10.1088/1475-7516/2023/07/019",
    journal = "JCAP",
    volume = "07",
    pages = "019",
    year = "2023"
}


@article{Xia:2016vnp,
    author = "Xia, Dong-Mei and Wang, Sai",
    title = "{Constraining interacting dark energy models with latest cosmological observations}",
    eprint = "1608.04545",
    archivePrefix = "arXiv",
    primaryClass = "astro-ph.CO",
    doi = "10.1093/mnras/stw2073",
    journal = "Mon. Not. Roy. Astron. Soc.",
    volume = "463",
    number = "1",
    pages = "952--956",
    year = "2016"
}


@article{Yang:2017ccc,
    author = "Yang, Weiqiang and Pan, Supriya and Mota, David F.",
    title = "{Novel approach toward the large-scale stable interacting dark-energy models and their astronomical bounds}",
    eprint = "1709.00006",
    archivePrefix = "arXiv",
    primaryClass = "astro-ph.CO",
    doi = "10.1103/PhysRevD.96.123508",
    journal = "Phys. Rev. D",
    volume = "96",
    number = "12",
    pages = "123508",
    year = "2017"
}

@article{Feng:2017usu,
    author = "Feng, Lu and Zhang, Jing-Fei and Zhang, Xin",
    title = "{Search for sterile neutrinos in a universe of vacuum energy interacting with cold dark matter}",
    eprint = "1712.03148",
    archivePrefix = "arXiv",
    primaryClass = "astro-ph.CO",
    doi = "10.1016/j.dark.2018.100261",
    journal = "Phys. Dark Univ.",
    volume = "23",
    pages = "100261",
    year = "2019"
}


@article{Yang:2018xlt,
    author = "Yang, Weiqiang and Pan, Supriya and Herrera, Ram\'on and Chakraborty, Subenoy",
    title = "{Large-scale (in) stability analysis of an exactly solved coupled dark-energy model}",
    eprint = "1808.01669",
    archivePrefix = "arXiv",
    primaryClass = "gr-qc",
    doi = "10.1103/PhysRevD.98.043517",
    journal = "Phys. Rev. D",
    volume = "98",
    number = "4",
    pages = "043517",
    year = "2018"
}


@article{Yang:2018uae,
    author = "Yang, Weiqiang and Mukherjee, Ankan and Di Valentino, Eleonora and Pan, Supriya",
    title = "{Interacting dark energy with time varying equation of state and the $H_0$ tension}",
    eprint = "1809.06883",
    archivePrefix = "arXiv",
    primaryClass = "astro-ph.CO",
    doi = "10.1103/PhysRevD.98.123527",
    journal = "Phys. Rev. D",
    volume = "98",
    number = "12",
    pages = "123527",
    year = "2018"
}


@article{Li:2018ydj,
    author = "Li, Hai-Li and Feng, Lu and Zhang, Jing-Fei and Zhang, Xin",
    title = "{Models of vacuum energy interacting with cold dark matter: Constraints and comparison}",
    eprint = "1812.00319",
    archivePrefix = "arXiv",
    primaryClass = "astro-ph.CO",
    doi = "10.1007/s11433-019-9439-8",
    journal = "Sci. China Phys. Mech. Astron.",
    volume = "62",
    number = "12",
    pages = "120411",
    year = "2019"
}


@article{Benetti:2019lxu,
    author = "Benetti, Micol and Miranda, Welber and Borges, Humberto A. and Pigozzo, Cassio and Carneiro, Saulo and Alcaniz, Jailson S.",
    title = "{Looking for interactions in the cosmological dark sector}",
    eprint = "1908.07213",
    archivePrefix = "arXiv",
    primaryClass = "astro-ph.CO",
    doi = "10.1088/1475-7516/2019/12/023",
    journal = "JCAP",
    volume = "12",
    pages = "023",
    year = "2019"
}


@article{Keeley:2022ojz,
    author = "Keeley, Ryan E. and Shafieloo, Arman",
    title = "{Ruling Out New Physics at Low Redshift as a Solution to the H0 Tension}",
    eprint = "2206.08440",
    archivePrefix = "arXiv",
    primaryClass = "astro-ph.CO",
    doi = "10.1103/PhysRevLett.131.111002",
    journal = "Phys. Rev. Lett.",
    volume = "131",
    number = "11",
    pages = "111002",
    year = "2023"
}


@article{Giare:2023xoc,
    author = "Giar\`e, William",
    title = "{CMB Anomalies and the Hubble Tension}",
    eprint = "2305.16919",
    archivePrefix = "arXiv",
    primaryClass = "astro-ph.CO",
    month = "5",
    year = "2023"
}

@article{DiValentino:2022oon,
    author = "Di Valentino, Eleonora and Giar\`e, William and Melchiorri, Alessandro and Silk, Joseph",
    title = "{Health checkup test of the standard cosmological model in view of recent cosmic microwave background anisotropies experiments}",
    eprint = "2209.12872",
    archivePrefix = "arXiv",
    primaryClass = "astro-ph.CO",
    doi = "10.1103/PhysRevD.106.103506",
    journal = "Phys. Rev. D",
    volume = "106",
    number = "10",
    pages = "103506",
    year = "2022"
}


@article{Escamilla:2023oce,
    author = "Escamilla, Luis A. and Giar\`e, William and Di Valentino, Eleonora and Nunes, Rafael C. and Vagnozzi, Sunny",
    title = "{The state of the dark energy equation of state circa 2023}",
    eprint = "2307.14802",
    archivePrefix = "arXiv",
    primaryClass = "astro-ph.CO",
    month = "7",
    year = "2023"
}


@article{Costa:2016tpb,
    author = "Costa, Andr\'e A. and Xu, Xiao-Dong and Wang, Bin and Abdalla, E.",
    title = "{Constraints on interacting dark energy models from Planck 2015 and redshift-space distortion data}",
    eprint = "1605.04138",
    archivePrefix = "arXiv",
    primaryClass = "astro-ph.CO",
    doi = "10.1088/1475-7516/2017/01/028",
    journal = "JCAP",
    volume = "01",
    pages = "028",
    year = "2017"
}



@article{Zhang:2018glx,
    author = "Zhang, Jiajun and An, Rui and Liao, Shihong and Luo, Wentao and Li, Zhaozhou and Wang, Bin",
    title = "{Fully self-consistent cosmological simulation pipeline for interacting dark energy models}",
    eprint = "1811.01519",
    archivePrefix = "arXiv",
    primaryClass = "astro-ph.CO",
    doi = "10.1103/PhysRevD.98.103530",
    journal = "Phys. Rev. D",
    volume = "98",
    number = "10",
    pages = "103530",
    year = "2018"
}


@article{Liu:2022hpz,
    author = "Liu, Yun and Liao, Shihong and Liu, Xiangkun and Zhang, Jiajun and An, Rui and Fan, Zuhui",
    title = "{Dark matter haloes in interacting dark energy models: formation history, density profile, spin, and shape}",
    eprint = "2201.09817",
    archivePrefix = "arXiv",
    primaryClass = "astro-ph.CO",
    doi = "10.1093/mnras/stac229",
    journal = "Mon. Not. Roy. Astron. Soc.",
    volume = "511",
    number = "2",
    pages = "3076--3088",
    year = "2022"
}


@article{Zhao:2022ycr,
    author = "Zhao, Yu and Liu, Yun and Liao, Shihong and Zhang, Jiajun and Liu, Xiangkun and Du, Wei",
    title = "{Constraining interacting dark energy models with the halo concentration\textendash{}mass relation}",
    eprint = "2212.02050",
    archivePrefix = "arXiv",
    primaryClass = "astro-ph.CO",
    doi = "10.1093/mnras/stad1814",
    journal = "Mon. Not. Roy. Astron. Soc.",
    volume = "523",
    number = "4",
    pages = "5962--5971",
    year = "2023"
}


@article{Krishnan:2021dyb,
    author = "Krishnan, Chethan and Mohayaee, Roya and Colg\'ain, Eoin \'O. and Sheikh-Jabbari, M. M. and Yin, Lu",
    title = "{Does Hubble tension signal a breakdown in FLRW cosmology?}",
    eprint = "2105.09790",
    archivePrefix = "arXiv",
    primaryClass = "astro-ph.CO",
    doi = "10.1088/1361-6382/ac1a81",
    journal = "Class. Quant. Grav.",
    volume = "38",
    number = "18",
    pages = "184001",
    year = "2021"
}

@article{Nunes_2022_FS,
   title={New tests of dark sector interactions from the full-shape galaxy power spectrum},
   volume={105},
   ISSN={2470-0029},
   url={http://dx.doi.org/10.1103/PhysRevD.105.123506},
   DOI={10.1103/physrevd.105.123506},
   number={12},
   journal={Physical Review D},
   publisher={American Physical Society (APS)},
   author={Nunes, Rafael C. and Vagnozzi, Sunny and Kumar, Suresh and Di Valentino, Eleonora and Mena, Olga},
   year={2022},
   month=jun }

@misc{noriega2024comparing,
      title={Comparing Compressed and Full-modeling Analyses with FOLPS: Implications for DESI 2024 and beyond}, 
      author={H. E. Noriega and others},
      year={2024},
      eprint={2404.07269},
      archivePrefix={arXiv},
      primaryClass={astro-ph.CO}
}

@misc{lai2024comparison,
      title={A comparison between Shapefit compression and Full-Modelling method with PyBird for DESI 2024 and beyond}, 
      author={Y. Lai and others},
      year={2024},
      eprint={2404.07283},
      archivePrefix={arXiv},
      primaryClass={astro-ph.CO}
}

@misc{ramirezsolano2024modeling,
      title={Full Modeling and Parameter Compression Methods in configuration space for DESI 2024 and beyond}, 
      author={S. Ramirez-Solano and others},
      year={2024},
      eprint={2404.07268},
      archivePrefix={arXiv},
      primaryClass={astro-ph.CO}
}

@article{Giare:2024ytc,
    author = "Giar\`e, William and Zhai, Yuejia and Pan, Supriya and Di Valentino, Eleonora and Nunes, Rafael C. and van de Bruck, Carsten",
    title = "{Tightening the reins on non-minimal dark sector physics: Interacting Dark Energy with dynamical and non-dynamical equation of state}",
    eprint = "2404.02110",
    archivePrefix = "arXiv",
    primaryClass = "astro-ph.CO",
    month = "4",
    year = "2024"
}

@article{Jimenez:2001gg,
    author = "Jimenez, Raul and Loeb, Abraham",
    title = "{Constraining cosmological parameters based on relative galaxy ages}",
    eprint = "astro-ph/0106145",
    archivePrefix = "arXiv",
    doi = "10.1086/340549",
    journal = "Astrophys. J.",
    volume = "573",
    pages = "37--42",
    year = "2002"
}


@article{Moresco:2012by,
    author = "Moresco, Michele and Verde, Licia and Pozzetti, Lucia and Jimenez, Raul and Cimatti, Andrea",
    title = "{New constraints on cosmological parameters and neutrino properties using the expansion rate of the Universe to z\textasciitilde{}1.75}",
    eprint = "1201.6658",
    archivePrefix = "arXiv",
    primaryClass = "astro-ph.CO",
    doi = "10.1088/1475-7516/2012/07/053",
    journal = "JCAP",
    volume = "07",
    pages = "053",
    year = "2012"
}

@article{Moresco:2015cya,
    author = "Moresco, Michele",
    title = "{Raising the bar: new constraints on the Hubble parameter with cosmic chronometers at z \ensuremath{\sim} 2}",
    eprint = "1503.01116",
    archivePrefix = "arXiv",
    primaryClass = "astro-ph.CO",
    doi = "10.1093/mnrasl/slv037",
    journal = "Mon. Not. Roy. Astron. Soc.",
    volume = "450",
    number = "1",
    pages = "L16--L20",
    year = "2015"
}


@article{Moresco:2016mzx,
    author = "Moresco, Michele and Pozzetti, Lucia and Cimatti, Andrea and Jimenez, Raul and Maraston, Claudia and Verde, Licia and Thomas, Daniel and Citro, Annalisa and Tojeiro, Rita and Wilkinson, David",
    title = "{A 6\% measurement of the Hubble parameter at $z\sim0.45$: direct evidence of the epoch of cosmic re-acceleration}",
    eprint = "1601.01701",
    archivePrefix = "arXiv",
    primaryClass = "astro-ph.CO",
    doi = "10.1088/1475-7516/2016/05/014",
    journal = "JCAP",
    volume = "05",
    pages = "014",
    year = "2016"
}

@article{Heavens:2017hkr,
    author = "Heavens, Alan and Fantaye, Yabebal and Sellentin, Elena and Eggers, Hans and Hosenie, Zafiirah and Kroon, Steve and Mootoovaloo, Arrykrishna",
    title = "{No evidence for extensions to the standard cosmological model}",
    eprint = "1704.03467",
    archivePrefix = "arXiv",
    primaryClass = "astro-ph.CO",
    doi = "10.1103/PhysRevLett.119.101301",
    journal = "Phys. Rev. Lett.",
    volume = "119",
    number = "10",
    pages = "101301",
    year = "2017"
}

@article{Heavens:2017afc,
    author = "Heavens, Alan and Fantaye, Yabebal and Mootoovaloo, Arrykrishna and Eggers, Hans and Hosenie, Zafiirah and Kroon, Steve and Sellentin, Elena",
    title = "{Marginal Likelihoods from Monte Carlo Markov Chains}",
    eprint = "1704.03472",
    archivePrefix = "arXiv",
    primaryClass = "stat.CO",
    month = "4",
    year = "2017"
}


@article{DESI:2024lzq,
    author = "Adame, A. G. and others",
    collaboration = "DESI",
    title = "{DESI 2024 IV: Baryon Acoustic Oscillations from the Lyman Alpha Forest}",
    eprint = "2404.03001",
    archivePrefix = "arXiv",
    primaryClass = "astro-ph.CO",
    reportNumber = "FERMILAB-PUB-24-0147-PPD",
    month = "4",
    year = "2024"
}

@article{DESI:2024uvr,
    author = "Adame, A. G. and others",
    collaboration = "DESI",
    title = "{DESI 2024 III: Baryon Acoustic Oscillations from Galaxies and Quasars}",
    eprint = "2404.03000",
    archivePrefix = "arXiv",
    primaryClass = "astro-ph.CO",
    reportNumber = "FERMILAB-PUB-24-0159-PPD",
    month = "4",
    year = "2024"
}