@article{park2022icarus,
  title={ICARUS-Q: Integrated control and readout unit for scalable quantum processors},
  author={Park, Kun Hee and Yap, Yung Szen and Tan, Yuanzheng Paul and Hufnagel, Christoph and Nguyen, Long Hoang and Lau, Karn Hwa and Bore, Patrick and Efthymiou, Stavros and Carrazza, Stefano and Budoyo, Rangga P and others},
  journal={Review of Scientific Instruments},
  volume={93},
  number={10},
  year={2022},
  publisher={AIP Publishing}
}

@article{stefanazzi2022qick,
  title={The QICK (Quantum Instrumentation Control Kit): Readout and control for qubits and detectors},
  author={Stefanazzi, Leandro and Treptow, Kenneth and Wilcer, Neal and Stoughton, Chris and Bradford, Collin and Uemura, Sho and Zorzetti, Silvia and Montella, Salvatore and Cancelo, Gustavo and Sussman, Sara and others},
  journal={Review of Scientific Instruments},
  volume={93},
  number={4},
  year={2022},
  publisher={AIP Publishing}
}

@article{tholen2022presto,
  title={Measurement and control of a superconducting quantum processor with a fully integrated radio-frequency system on a chip},
  author={Thol{\'e}n, Mats O and Borgani, Riccardo and Di Carlo, Giuseppe Ruggero and Bengtsson, Andreas and Kri{\v{z}}an, Christian and Kudra, Marina and Tancredi, Giovanna and Bylander, Jonas and Delsing, Per and Gasparinetti, Simone and others},
  journal={Review of Scientific Instruments},
  volume={93},
  number={10},
  year={2022},
  publisher={AIP Publishing}
}

@article{xu2021qubic,
  title={{Q}ubi{C}: An open-source {FPGA}-based control and measurement system for superconducting quantum information processors},
  author={Xu, Yilun and Huang, Gang and Balewski, Jan and Naik, Ravi and Morvan, Alexis and Mitchell, Bradley and Nowrouzi, Kasra and Santiago, David I and Siddiqi, Irfan},
  journal={IEEE Transactions on Quantum Engineering},
  volume={2},
  pages={1--11},
  year={2021},
  publisher={IEEE}
}

@article{deliyannis2022improving,
  title={Improving quantum simulation efficiency of final state radiation with dynamic quantum circuits},
  author={Deliyannis, Plato and Sud, James and Chamaki, Diana and Webb-Mack, Zo{\"e} and Bauer, Christian W and Nachman, Benjamin},
  journal={Physical Review D},
  volume={106},
  number={3},
  pages={036007},
  year={2022},
  publisher={APS}
}

@article{corcoles2021exploiting,
  title={Exploiting dynamic quantum circuits in a quantum algorithm with superconducting qubits},
  author={C{\'o}rcoles, Antonio D and Takita, Maika and Inoue, Ken and Lekuch, Scott and Minev, Zlatko K and Chow, Jerry M and Gambetta, Jay M},
  journal={Physical Review Letters},
  volume={127},
  number={10},
  pages={100501},
  year={2021},
  publisher={APS}
}

@article{xu2023qubic,
  title={Qubic 2.0: An extensible open-source qubit control system capable of mid-circuit measurement and feed-forward},
  author={Xu, Yilun and Huang, Gang and Fruitwala, Neelay and Rajagopala, Abhi and Naik, Ravi K and Nowrouzi, Kasra and Santiago, David I and Siddiqi, Irfan},
  journal={arXiv preprint arXiv:2309.10333},
  year={2023}
}

@article{farley2018all,
  title={An all-programmable 16-nm RFSoC for digital-RF communications},
  author={Farley, Brendan and McGrath, John and Erdmann, Christophe},
  journal={IEEE Micro},
  volume={38},
  number={2},
  pages={61--71},
  year={2018},
  publisher={IEEE}
}


@electronic{qubicisa,
  author        = "Neelay Fruitwala",
  title         = "Distributed processor instruction set",
  url           = "https://gitlab.com/LBL-QubiC/distributed_processor/-/wikis/Instruction-Set",
  year          = "2023"
}

@electronic{qubicirref,
  author        = "Neelay Fruitwala",
  title         = "QubiC-IR languange reference",
  url           = "https://lbl-qubic.gitlab.io/distributed_processor/",
  year          = "2024"
}

@article{crockford2017standard,
  title={ECMA-404 the JSON data interchange syntax},
  author={Crockford, Douglas and Morningstar, Chip},
  journal={Geneva: ECMA International},
  year={2017}
}

@book{kane1992mips,
  title={MIPS RISC architectures},
  author={Kane, Gerry and Heinrich, Joe},
  year={1992},
  publisher={Prentice-Hall, Inc.}
}

@electronic{trueq,
  title         = "True-Q",
  url           = "https://trueq.quantumbenchmark.com/",
}

@article{cross2022openqasm,
  title={OpenQASM 3: A broader and deeper quantum assembly language},
  author={Cross, Andrew and Javadi-Abhari, Ali and Alexander, Thomas and De Beaudrap, Niel and Bishop, Lev S and Heidel, Steven and Ryan, Colm A and Sivarajah, Prasahnt and Smolin, John and Gambetta, Jay M and others},
  journal={ACM Transactions on Quantum Computing},
  volume={3},
  number={3},
  pages={1--50},
  year={2022},
  publisher={ACM New York, NY}
}

@article{kreikebaum2020improving,
  title={Improving wafer-scale Josephson junction resistance variation in superconducting quantum coherent circuits},
  author={Kreikebaum, JM and Oâ€™Brien, KP and Morvan, A and Siddiqi, I},
  journal={Superconductor Science and Technology},
  volume={33},
  number={6},
  pages={06LT02},
  year={2020},
  publisher={IOP Publishing}
}

@techreport{younis2021bqskit,
  title={Berkeley quantum synthesis toolkit (bqskit) v1},
  author={Younis, Ed and Iancu, Costin C and Lavrijsen, Wim and Davis, Marc and Smith, Ethan},
  year={2021},
  institution={Lawrence Berkeley National Laboratory (LBNL), Berkeley, CA (United States)}
}

@article{bennett1993teleporting,
  title={Teleporting an unknown quantum state via dual classical and Einstein-Podolsky-Rosen channels},
  author={Bennett, Charles H and Brassard, Gilles and Cr{\'e}peau, Claude and Jozsa, Richard and Peres, Asher and Wootters, William K},
  journal={Physical review letters},
  volume={70},
  number={13},
  pages={1895},
  year={1993},
  publisher={APS}
}

@inproceedings{de2022qblox,
  title={Qblox, demonstrating fully-integrated and modular quantum control from the bottom up},
  author={De Jong, Damaz and Kalyoncu, Bilal and Bultink, Cornelis Christiaan},
  booktitle={APS March Meeting Abstracts},
  volume={2022},
  pages={M78--001},
  year={2022}
}

@misc{mandelis2022focus,
  title={Focus on test, measurement, quantum metrology, and analytical equipment},
  author={Mandelis, Andreas},
  year={2022},
  publisher={American Institute of Physics}
}

@article{ella2022build,
  title={How to Build a Scalable Quantum Controller},
  author={Ella, Lior},
  journal={Computer},
  volume={55},
  number={3},
  pages={91--94},
  year={2022},
  publisher={IEEE}
}

@misc{hashim2024quasiprobabilistic,
      title={Quasi-Probabilistic Readout Correction of Mid-Circuit Measurements for Adaptive Feedback via Measurement Randomized Compiling}, 
      author={Akel Hashim and Arnaud Carignan-Dugas and Larry Chen and Christian Juenger and Neelay Fruitwala and Yilun Xu and Gang Huang and Joel J. Wallman and Irfan Siddiqi},
      year={2024},
      eprint={2312.14139},
      archivePrefix={arXiv},
      primaryClass={quant-ph}
}

@misc{hashim2024efficient,
      title={Efficient Generation of Multi-partite Entanglement between Non-local Superconducting Qubits using Classical Feedback}, 
      author={Akel Hashim and Ming Yuan and Pranav Gokhale and Larry Chen and Christian Juenger and Neelay Fruitwala and Yilun Xu and Gang Huang and Liang Jiang and Irfan Siddiqi},
      year={2024},
      eprint={2403.18768},
      archivePrefix={arXiv},
      primaryClass={quant-ph}
}

@article{werschnik2007quantum,
  title={Quantum optimal control theory},
  author={Werschnik, J and Gross, EKU},
  journal={Journal of Physics B: Atomic, Molecular and Optical Physics},
  volume={40},
  number={18},
  pages={R175},
  year={2007},
  publisher={IOP Publishing}
}

@article{gambetta2006qubit,
  title={Qubit-photon interactions in a cavity: Measurement-induced dephasing and number splitting},
  author={Gambetta, Jay and Blais, Alexandre and Schuster, David I and Wallraff, Andreas and Frunzio, L and Majer, J and Devoret, Michel H and Girvin, Steven M and Schoelkopf, Robert J},
  journal={Physical Review A},
  volume={74},
  number={4},
  pages={042318},
  year={2006},
  publisher={APS}
}

@article{mitchell2021hardware,
  title={Hardware-efficient microwave-activated tunable coupling between superconducting qubits},
  author={Mitchell, Bradley K and Naik, Ravi K and Morvan, Alexis and Hashim, Akel and Kreikebaum, John Mark and Marinelli, Brian and Lavrijsen, Wim and Nowrouzi, Kasra and Santiago, David I and Siddiqi, Irfan},
  journal={Physical review letters},
  volume={127},
  number={20},
  pages={200502},
  year={2021},
  publisher={APS}
}

@article{nielsen2020probing,
  title={Probing quantum processor performance with pyGSTi},
  author={Nielsen, Erik and Rudinger, Kenneth and Proctor, Timothy and Russo, Antonio and Young, Kevin and Blume-Kohout, Robin},
  journal={Quantum science and Technology},
  volume={5},
  number={4},
  pages={044002},
  year={2020},
  publisher={IOP Publishing}
}
