
% Journals

% First the Full Name is given, then the abbreviation used in the AMS Math
% Reviews, with an indication if it could not be found there.
% Note the 2nd overwrites the 1st, so swap them if you want the full name.

 %{AMS}
 @String{AMSTrans = "American Mathematical Society Translations" }
 @String{AMSTrans = "Amer. Math. Soc. Transl." }
 @String{BullAMS = "Bulletin of the American Mathematical Society" }
 @String{BullAMS = "Bull. Amer. Math. Soc." }
 @String{ProcAMS = "Proceedings of the American Mathematical Society" }
 @String{ProcAMS = "Proc. Amer. Math. Soc." }
 @String{TransAMS = "Transactions of the American Mathematical Society" }
 @String{TransAMS = "Trans. Amer. Math. Soc." }

 %ACM
 @String{CACM = "Communications of the {ACM}" }
 @String{CACM = "Commun. {ACM}" }
 @String{CompServ = "Comput. Surveys" }
 @String{JACM = "J. ACM" }
 @String{ACMMathSoft = "{ACM} Transactions on Mathematical Software" }
 @String{ACMMathSoft = "{ACM} Trans. Math. Software" }
 @String{SIGNUM = "{ACM} {SIGNUM} Newsletter" }
 @String{SIGNUM = "{ACM} {SIGNUM} Newslett." }

 @String{AmerSocio = "American Journal of Sociology" }
 @String{AmerStatAssoc = "Journal of the American Statistical Association" }
 @String{AmerStatAssoc = "J. Amer. Statist. Assoc." }
 @String{ApplMathComp = "Applied Mathematics and Computation" }
 @String{ApplMathComp = "Appl. Math. Comput." }
 @String{AmerMathMonthly = "American Mathematical Monthly" }
 @String{AmerMathMonthly = "Amer. Math. Monthly" }
 @String{BIT = "{BIT}" }
 @String{BritStatPsych = "British Journal of Mathematical and Statistical
          Psychology" }
 @String{BritStatPsych = "Brit. J. Math. Statist. Psych." }
 @String{CanMathBull = "Canadian Mathematical Bulletin" }
 @String{CanMathBull = "Canad. Math. Bull." }
 @String{CompApplMath = "Journal of Computational and Applied Mathematics" }
 @String{CompApplMath = "J. Comput. Appl. Math." }
 @String{CompPhys = "Journal of Computational Physics" }
 @String{CompPhys = "J. Comput. Phys." }
 @String{CompStruct = "Computers and Structures" }
 @String{CompStruct = "Comput. \& Structures" }
 @String{CompJour = "The Computer Journal" }
 @String{CompJour = "Comput. J." }
 @String{CompSysSci = "Journal of Computer and System Sciences" }
 @String{CompSysSci = "J. Comput. System Sci." }
 @String{Computing = "Computing" }
 @String{ContempMath = "Contemporary Mathematics" }
 @String{ContempMath = "Contemp. Math." }
 @String{Crelle = "Crelle's Journal" }
 @String{GiornaleMath = "Giornale di Mathematiche" }
 @String{GiornaleMath = "Giorn. Mat." } % didn't find in AMS MR., ibid.

 %IEEE
 @String{Computer = "{IEEE} Computer" }
 @String{IEEETransComp = "{IEEE} Transactions on Computers" }
 @String{IEEETransComp = "{IEEE} Trans. Comput." }
 @String{IEEETransAC = "{IEEE} Transactions on Automatic Control" }
 @String{IEEETransAC = "{IEEE} Trans. Automat. Control" }
 @String{IEEESpec = "{IEEE} Spectrum" } % didn't find in AMS MR
 @String{ProcIEEE = "Proceedings of the {IEEE}" }
 @String{ProcIEEE = "Proc. {IEEE}" } % didn't find in AMS MR
 @String{IEEETransAeroElec = "{IEEE} Transactions on Aerospace and Electronic
     Systems" }
 @String{IEEETransAeroElec = "{IEEE} Trans. Aerospace Electron. Systems" }

 @String{IMANumerAna = "{IMA} Journal of Numerical Analysis" }
 @String{IMANumerAna = "{IMA} J. Numer. Anal." }
 @String{InfProcLet = "Information Processing Letters" }
 @String{InfProcLet = "Inform. Process. Lett." }
 @String{InstMathApp = "Journal of the Institute of Mathematics and
     its Applications" }
 @String{InstMathApp = "J. Inst. Math. Appl." }
 @String{IntControl = "International Journal of Control" }
 @String{IntControl = "Internat. J. Control" }
 @String{IntNumerEng = "International Journal for Numerical Methods in
     Engineering" }
 @String{IntNumerEng = "Internat. J. Numer. Methods Engrg." }
 @String{IntSuper = "International Journal of Supercomputing Applications" }
 @String{IntSuper = "Internat. J. Supercomputing Applic." } % didn't find
%% in AMS MR
 @String{Kibernetika = "Kibernetika" }
 @String{JResNatBurStand = "Journal of Research of the National Bureau
     of Standards" }
 @String{JResNatBurStand = "J. Res. Nat. Bur. Standards" }
 @String{LinAlgApp = "Linear Algebra and its Applications" }
 @String{LinAlgApp = "Linear Algebra Appl." }
 @String{MathAnaAppl = "Journal of Mathematical Analysis and Applications" }
 @String{MathAnaAppl = "J. Math. Anal. Appl." }
 @String{MathAnnalen = "Mathematische Annalen" }
 @String{MathAnnalen = "Math. Ann." }
 @String{MathPhys = "Journal of Mathematical Physics" }
 @String{MathPhys = "J. Math. Phys." }
 @String{MathComp = "Mathematics of Computation" }
 @String{MathComp = "Math. Comp." }
 @String{MathScand = "Mathematica Scandinavica" }
 @String{MathScand = "Math. Scand." }
 @String{TablesAidsComp = "Mathematical Tables and Other Aids to Computation" }
 @String{TablesAidsComp = "Math. Tables Aids Comput." }
 @String{NumerMath = "Numerische Mathematik" }
 @String{NumerMath = "Numer. Math." }
 @String{PacificMath = "Pacific Journal of Mathematics" }
 @String{PacificMath = "Pacific J. Math." }
 @String{ParDistComp = "Journal of Parallel and Distributed Computing" }
 @String{ParDistComp = "J. Parallel and Distrib. Comput." } % didn't find
%% in AMS MR
 @String{ParComputing = "Parallel Computing" }
 @String{ParComputing = "Parallel Comput." }
 @String{PhilMag = "Philosophical Magazine" }
 @String{PhilMag = "Philos. Mag." }
 @String{ProcNAS = "Proceedings of the National Academy of Sciences
                    of the USA" }
 @String{ProcNAS = "Proc. Nat. Acad. Sci. U. S. A." }
 @String{Psychometrika = "Psychometrika" }
 @String{QuartMath = "Quarterly Journal of Mathematics, Oxford, Series (2)" }
 @String{QuartMath = "Quart. J. Math. Oxford Ser. (2)" }
 @String{QuartApplMath = "Quarterly of Applied Mathematics" }
 @String{QuartApplMath = "Quart. Appl. Math." }
 @String{RevueInstStat = "Review of the International Statisical Institute" }
 @String{RevueInstStat = "Rev. Inst. Internat. Statist." }

 %SIAM
 @String{JSIAM = "Journal of the Society for Industrial and Applied
     Mathematics" }
 @String{JSIAM = "J. Soc. Indust. Appl. Math." }
 @String{JSIAMB = "Journal of the Society for Industrial and Applied
     Mathematics, Series B, Numerical Analysis" }
 @String{JSIAMB = "J. Soc. Indust. Appl. Math. Ser. B Numer. Anal." }
 @String{SIAMAlgMeth = "{SIAM} Journal on Algebraic and Discrete Methods" }
 @String{SIAMAlgMeth = "{SIAM} J. Algebraic Discrete Methods" }
 @String{SIAMAppMath = "{SIAM} Journal on Applied Mathematics" }
 @String{SIAMAppMath = "{SIAM} J. Appl. Math." }
 @String{SIAMComp = "{SIAM} Journal on Computing" }
 @String{SIAMComp = "{SIAM} J. Comput." }
 @String{SIAMMatrix = "{SIAM} Journal on Matrix Analysis and Applications" }
 @String{SIAMMatrix = "{SIAM} J. Matrix Anal. Appl." }
 @String{SIAMNumAnal = "{SIAM} Journal on Numerical Analysis" }
 @String{SIAMNumAnal = "{SIAM} J. Numer. Anal." }
 @String{SIAMReview = "{SIAM} Review" }
 @String{SIAMReview = "{SIAM} Rev." }
 @String{SIAMSciStat = "{SIAM} Journal on Scientific and Statistical
     Computing" }
 @String{SIAMSciStat = "{SIAM} J. Sci. Statist. Comput." }

 @String{SoftPracExp = "Software Practice and Experience" }
 @String{SoftPracExp = "Software Prac. Experience" } % didn't find in AMS MR
 @String{StatScience = "Statistical Science" }
 @String{StatScience = "Statist. Sci." }
 @String{Techno = "Technometrics" }
 @String{USSRCompMathPhys = "{USSR} Computational Mathematics and Mathematical
     Physics" }
 @String{USSRCompMathPhys = "{U. S. S. R.} Comput. Math. and Math. Phys." }
 @String{VLSICompSys = "Journal of {VLSI} and Computer Systems" }
 @String{VLSICompSys = "J. {VLSI} Comput. Syst." }
 @String{ZAngewMathMech = "Zeitschrift fur Angewandte Mathematik und
     Mechanik" }
 @String{ZAngewMathMech = "Z. Angew. Math. Mech." }
 @String{ZAngewMathPhys = "Zeitschrift fur Angewandte Mathematik und Physik" }
 @String{ZAngewMathPhys = "Z. Angew. Math. Phys." }

% Publishers % ================================================= |

 @String{Academic = "Academic Press" }
 @String{ACMPress = "{ACM} Press" }
 @String{AdamHilger = "Adam Hilger" }
 @String{AddisonWesley = "Addison-Wesley" }
 @String{AllynBacon = "Allyn and Bacon" }
 @String{AMS = "American Mathematical Society" }
 @String{Birkhauser = "Birkha{\"u}ser" }
 @String{CambridgePress = "Cambridge University Press" }
 @String{Chelsea = "Chelsea" }
 @String{ClaredonPress = "Claredon Press" }
 @String{DoverPub = "Dover Publications" }
 @String{Eyolles = "Eyolles" }
 @String{HoltRinehartWinston = "Holt, Rinehart and Winston" }
 @String{Interscience = "Interscience" }
 @String{JohnsHopkinsPress = "The Johns Hopkins University Press" }
 @String{JohnWileySons = "John Wiley and Sons" }
 @String{Macmillan = "Macmillan" }
 @String{MathWorks = "The Math Works Inc." }
 @String{McGrawHill = "McGraw-Hill" }
 @String{NatBurStd = "National Bureau of Standards" }
 @String{NorthHolland = "North-Holland" }
 @String{OxfordPress = "Oxford University Press" }  %address Oxford or London?
 @String{PergamonPress = "Pergamon Press" }
 @String{PlenumPress = "Plenum Press" }
 @String{PrenticeHall = "Prentice-Hall" }
 @String{SIAMPub = "{SIAM} Publications" }
 @String{Springer = "Springer-Verlag" }
 @String{TexasPress = "University of Texas Press" }
 @String{VanNostrand = "Van Nostrand" }
 @String{WHFreeman = "W. H. Freeman and Co." }

%Entries

%% image diffusion models

@article{ho2020ddpm,
  title={Denoising diffusion probabilistic models},
  author={Ho, Jonathan and Jain, Ajay and Abbeel, Pieter},
  journal={Advances in neural information processing systems},
  volume={33},
  pages={6840--6851},
  year={2020}
}

@inproceedings{rombach2022ldm,
  title={High-resolution image synthesis with latent diffusion models},
  author={Rombach, Robin and Blattmann, Andreas and Lorenz, Dominik and Esser, Patrick and Ommer, Bj{\"o}rn},
  booktitle={Proceedings of the IEEE/CVF conference on computer vision and pattern recognition},
  pages={10684--10695},
  year={2022}
}

%% human image generation using fine-grained textual descriptions
@article{jiang2022text2human,
    title={Text2Human: Text-Driven Controllable Human Image Generation},
    author={Jiang, Yuming and Yang, Shuai and Qiu, Haonan and Wu, Wayne and Loy, Chen Change and Liu, Ziwei},
    journal={ACM Transactions on Graphics (TOG)},
    volume={41},
    number={4},
    articleno={162},
    pages={1--11},
    year={2022},
    publisher={ACM New York, NY, USA},
    doi={10.1145/3528223.3530104}
}

%% image generation using structural condition like pose, depth
@misc{zhang2023controlnet,
  title={Adding Conditional Control to Text-to-Image Diffusion Models}, 
  author={Lvmin Zhang and Anyi Rao and Maneesh Agrawala},
  booktitle={IEEE International Conference on Computer Vision (ICCV)},
  year={2023},
}

@article{mou2023t2iadapter,
  title={T2i-adapter: Learning adapters to dig out more controllable ability for text-to-image diffusion models},
  author={Mou, Chong and Wang, Xintao and Xie, Liangbin and Wu, Yanze and Zhang, Jian and Qi, Zhongang and Shan, Ying and Qie, Xiaohu},
  journal={arXiv preprint arXiv:2302.08453},
  year={2023}
}

@article{zhao2024unicontrolnet,
  title={Uni-controlnet: All-in-one control to text-to-image diffusion models},
  author={Zhao, Shihao and Chen, Dongdong and Chen, Yen-Chun and Bao, Jianmin and Hao, Shaozhe and Yuan, Lu and Wong, Kwan-Yee K},
  journal={Advances in Neural Information Processing Systems},
  volume={36},
  year={2024}
}

@article{liu2023hyperhuman,
    title={HyperHuman: Hyper-Realistic Human Generation with Latent Structural Diffusion},
    author={Liu, Xian and Ren, Jian and Siarohin, Aliaksandr and Skorokhodov, Ivan and Li, Yanyu and Lin, Dahua and Liu, Xihui and Liu, Ziwei and Tulyakov, Sergey},
    journal={arXiv preprint arXiv:2310.08579},
    year={2023}
}

@misc{liu2023cones,
      title={Cones: Concept Neurons in Diffusion Models for Customized Generation}, 
      author={Zhiheng Liu and Ruili Feng and Kai Zhu and Yifei Zhang and Kecheng Zheng and Yu Liu and Deli Zhao and Jingren Zhou and Yang Cao},
      year={2023},
      eprint={2303.05125},
      archivePrefix={arXiv},
      primaryClass={cs.CV}
}

% Appearance conditioned test-time finetuning
@inproceedings{ruiz2023dreambooth,
  title={Dreambooth: Fine tuning text-to-image diffusion models for subject-driven generation},
  author={Ruiz, Nataniel and Li, Yuanzhen and Jampani, Varun and Pritch, Yael and Rubinstein, Michael and Aberman, Kfir},
  booktitle={Proceedings of the IEEE/CVF Conference on Computer Vision and Pattern Recognition},
  pages={22500--22510},
  year={2023}
}

@article{hu2021lora,
  title={Lora: Low-rank adaptation of large language models},
  author={Hu, Edward J and Shen, Yelong and Wallis, Phillip and Allen-Zhu, Zeyuan and Li, Yuanzhi and Wang, Shean and Wang, Lu and Chen, Weizhu},
  journal={arXiv preprint arXiv:2106.09685},
  year={2021}
}

@misc{gal2022textualinversion,
      doi = {10.48550/ARXIV.2208.01618},
      url = {https://arxiv.org/abs/2208.01618},
      author = {Gal, Rinon and Alaluf, Yuval and Atzmon, Yuval and Patashnik, Or and Bermano, Amit H. and Chechik, Gal and Cohen-Or, Daniel},
      title = {An Image is Worth One Word: Personalizing Text-to-Image Generation using Textual Inversion},
      publisher = {arXiv},
      year = {2022},
      primaryClass={cs.CV}
}

@misc{kumari2023customdiffusion,
      title={Multi-Concept Customization of Text-to-Image Diffusion}, 
      author={Nupur Kumari and Bingliang Zhang and Richard Zhang and Eli Shechtman and Jun-Yan Zhu},
      year={2023},
      eprint={2212.04488},
      archivePrefix={arXiv},
      primaryClass={cs.CV}
}

% Appearance conditioned Zero-shot (bypass the fine-tuning cost)
@misc{shi2023instantbooth,
      title={InstantBooth: Personalized Text-to-Image Generation without Test-Time Finetuning}, 
      author={Jing Shi and Wei Xiong and Zhe Lin and Hyun Joon Jung},
      year={2023},
      eprint={2304.03411},
      archivePrefix={arXiv},
      primaryClass={cs.CV}
}

@article{ye2023ipadapter,
  title={IP-Adapter: Text Compatible Image Prompt Adapter for Text-to-Image Diffusion Models},
  author={Ye, Hu and Zhang, Jun and Liu, Sibo and Han, Xiao and Yang, Wei},
  booktitle={arXiv preprint arxiv:2308.06721},
  year={2023}
}

@article{chen2023anydoor,
  title={Anydoor: Zero-shot object-level image customization},
  author={Chen, Xi and Huang, Lianghua and Liu, Yu and Shen, Yujun and Zhao, Deli and Zhao, Hengshuang},
  journal={arXiv preprint arXiv:2307.09481},
  year={2023}
}

@inproceedings{li2023photomaker,
  title={PhotoMaker: Customizing Realistic Human Photos via Stacked ID Embedding},
  author={Li, Zhen and Cao, Mingdeng and Wang, Xintao and Qi, Zhongang and Cheng, Ming-Ming and Shan, Ying},
  booktitle={IEEE Conference on Computer Vision and Pattern Recognition (CVPR)},
  year={2024}
}

@article{wang2024instantid,
  title={InstantID: Zero-shot Identity-Preserving Generation in Seconds},
  author={Wang, Qixun and Bai, Xu and Wang, Haofan and Qin, Zekui and Chen, Anthony},
  journal={arXiv preprint arXiv:2401.07519},
  year={2024}
}

@misc{zhang2024ssrencoder,
    title={SSR-Encoder: Encoding Selective Subject Representation for Subject-Driven Generation},
    author={Yuxuan Zhang and Yiren Song and Jiaming Liu and Rui Wang and Jinpeng Yu and Hao Tang and Huaxia Li and Xu Tang and Yao Hu and Han Pan and Zhongliang Jing},
    year={2024},
    eprint={2312.16272},
    archivePrefix={arXiv},
    primaryClass={cs.CV}
}

% image-to-video reference unet
@article{hu2023animateanyone,
      title={Animate Anyone: Consistent and Controllable Image-to-Video Synthesis for Character Animation},
      author={Li Hu and Xin Gao and Peng Zhang and Ke Sun and Bang Zhang and Liefeng Bo},
      journal={arXiv preprint arXiv:2311.17117},
      website={https://humanaigc.github.io/animate-anyone/},
      year={2023}
}

@inproceedings{xu2023magicanimate,
    author = {Xu, Zhongcong and Zhang, Jianfeng and Liew, Jun Hao and Yan, Hanshu and Liu, Jia-Wei and Zhang, Chenxu and Feng, Jiashi and Shou, Mike Zheng},
    title = {MagicAnimate: Temporally Consistent Human Image Animation using Diffusion Model},
    booktile = {CVPR},
    year = {2024}
}

% text-to-image generation

% diffusion models

@article{ramesh2022dalle2,
  title={Hierarchical text-conditional image generation with clip latents},
  author={Ramesh, Aditya and Dhariwal, Prafulla and Nichol, Alex and Chu, Casey and Chen, Mark},
  journal={arXiv preprint arXiv:2204.06125},
  volume={1},
  number={2},
  pages={3},
  year={2022}
}

@misc{nichol2022glide,
      title={GLIDE: Towards Photorealistic Image Generation and Editing with Text-Guided Diffusion Models}, 
      author={Alex Nichol and Prafulla Dhariwal and Aditya Ramesh and Pranav Shyam and Pamela Mishkin and Bob McGrew and Ilya Sutskever and Mark Chen},
      year={2022},
      eprint={2112.10741},
      archivePrefix={arXiv},
      primaryClass={cs.CV}
}

@article{saharia2022imagen,
  title={Photorealistic text-to-image diffusion models with deep language understanding},
  author={Saharia, Chitwan and Chan, William and Saxena, Saurabh and Li, Lala and Whang, Jay and Denton, Emily L and Ghasemipour, Kamyar and Gontijo Lopes, Raphael and Karagol Ayan, Burcu and Salimans, Tim and others},
  journal={Advances in neural information processing systems},
  volume={35},
  pages={36479--36494},
  year={2022}
}

@article{dhariwal2021diffusionbeatgans,
  title={Diffusion models beat gans on image synthesis},
  author={Dhariwal, Prafulla and Nichol, Alexander},
  journal={Advances in neural information processing systems},
  volume={34},
  pages={8780--8794},
  year={2021}
}

@article{podell2023sdxl,
  title={Sdxl: Improving latent diffusion models for high-resolution image synthesis},
  author={Podell, Dustin and English, Zion and Lacey, Kyle and Blattmann, Andreas and Dockhorn, Tim and M{\"u}ller, Jonas and Penna, Joe and Rombach, Robin},
  journal={arXiv preprint arXiv:2307.01952},
  year={2023}
}

% autoregressive

@article{chang2023muse,
  title={Muse: Text-to-image generation via masked generative transformers},
  author={Chang, Huiwen and Zhang, Han and Barber, Jarred and Maschinot, AJ and Lezama, Jose and Jiang, Lu and Yang, Ming-Hsuan and Murphy, Kevin and Freeman, William T and Rubinstein, Michael and others},
  journal={arXiv preprint arXiv:2301.00704},
  year={2023}
}

@misc{yu2022scalingauto,
      title={Scaling Autoregressive Models for Content-Rich Text-to-Image Generation}, 
      author={Jiahui Yu and Yuanzhong Xu and Jing Yu Koh and Thang Luong and Gunjan Baid and Zirui Wang and Vijay Vasudevan and Alexander Ku and Yinfei Yang and Burcu Karagol Ayan and Ben Hutchinson and Wei Han and Zarana Parekh and Xin Li and Han Zhang and Jason Baldridge and Yonghui Wu},
      year={2022},
      eprint={2206.10789},
      archivePrefix={arXiv},
      primaryClass={cs.CV}
}

@Article{tian2024var,
      title={Visual Autoregressive Modeling: Scalable Image Generation via Next-Scale Prediction}, 
      author={Keyu Tian and Yi Jiang and Zehuan Yuan and Bingyue Peng and Liwei Wang},
      year={2024},
      eprint={2404.02905},
      archivePrefix={arXiv},
      primaryClass={cs.CV}
}

% controllable image generation
% structure
@article{qin2023unicontrol,
  title={Unicontrol: A unified diffusion model for controllable visual generation in the wild},
  author={Qin, Can and Zhang, Shu and Yu, Ning and Feng, Yihao and Yang, Xinyi and Zhou, Yingbo and Wang, Huan and Niebles, Juan Carlos and Xiong, Caiming and Savarese, Silvio and others},
  journal={arXiv preprint arXiv:2305.11147},
  year={2023}
}

@article{jiang2023scedit,
  title={SCEdit: Efficient and Controllable Image Diffusion Generation via Skip Connection Editing},
  author={Jiang, Zeyinzi and Mao, Chaojie and Pan, Yulin and Han, Zhen and Zhang, Jingfeng},
  journal={arXiv preprint arXiv:2312.11392},
  year={2023}
}

@inproceedings{hu2023cocktail,
  title={Cocktail: Mixing multi-modality control for text-conditional image generation},
  author={Hu, Minghui and Zheng, Jianbin and Liu, Daqing and Zheng, Chuanxia and Wang, Chaoyue and Tao, Dacheng and Cham, Tat-Jen},
  booktitle={Thirty-seventh Conference on Neural Information Processing Systems},
  year={2023}
}

% appearance

% no test-time fine-tuning
@article{ma2023subjectdiffusion,
  title={Subject-diffusion: Open domain personalized text-to-image generation without test-time fine-tuning},
  author={Ma, Jian and Liang, Junhao and Chen, Chen and Lu, Haonan},
  journal={arXiv preprint arXiv:2307.11410},
  year={2023}
}

@article{gal2023encoderdiff,
  title={Encoder-based domain tuning for fast personalization of text-to-image models},
  author={Gal, Rinon and Arar, Moab and Atzmon, Yuval and Bermano, Amit H and Chechik, Gal and Cohen-Or, Daniel},
  journal={ACM Transactions on Graphics (TOG)},
  volume={42},
  number={4},
  pages={1--13},
  year={2023},
  publisher={ACM New York, NY, USA}
}

@inproceedings{wei2023elite,
  title={Elite: Encoding visual concepts into textual embeddings for customized text-to-image generation},
  author={Wei, Yuxiang and Zhang, Yabo and Ji, Zhilong and Bai, Jinfeng and Zhang, Lei and Zuo, Wangmeng},
  booktitle={Proceedings of the IEEE/CVF International Conference on Computer Vision},
  pages={15943--15953},
  year={2023}
}

% multi human image generation
@article{xiao2023fastcomposer,
  title={Fastcomposer: Tuning-free multi-subject image generation with localized attention},
  author={Xiao, Guangxuan and Yin, Tianwei and Freeman, William T and Durand, Fr{\'e}do and Han, Song},
  journal={arXiv preprint arXiv:2305.10431},
  year={2023}
}

% vae
@misc{kingma2022ae,
      title={Auto-Encoding Variational Bayes}, 
      author={Diederik P Kingma and Max Welling},
      year={2022},
      eprint={1312.6114},
      archivePrefix={arXiv},
      primaryClass={stat.ML}
}

% base network
@inproceedings{ronneberger2015unet,
  title={U-net: Convolutional networks for biomedical image segmentation},
  author={Ronneberger, Olaf and Fischer, Philipp and Brox, Thomas},
  booktitle={Medical image computing and computer-assisted intervention--MICCAI 2015: 18th international conference, Munich, Germany, October 5-9, 2015, proceedings, part III 18},
  pages={234--241},
  year={2015},
  organization={Springer}
}

@article{vaswani2017attention,
  title={Attention is all you need},
  author={Vaswani, Ashish and Shazeer, Noam and Parmar, Niki and Uszkoreit, Jakob and Jones, Llion and Gomez, Aidan N and Kaiser, {\L}ukasz and Polosukhin, Illia},
  journal={Advances in neural information processing systems},
  volume={30},
  year={2017}
}

% expand self-attention layers
@article{tewel2024consistory,
  title={Training-Free Consistent Text-to-Image Generation},
  author={Tewel, Yoad and Kaduri, Omri and Gal, Rinon and Kasten, Yoni and Wolf, Lior and Chechik, Gal and Atzmon, Yuval},
  journal={arXiv preprint arXiv:2402.03286},
  year={2024}
}

@article{hertz2023stylealigned,
  title={Style aligned image generation via shared attention},
  author={Hertz, Amir and Voynov, Andrey and Fruchter, Shlomi and Cohen-Or, Daniel},
  journal={arXiv preprint arXiv:2312.02133},
  year={2023}
}

@article{jeong2024visualstyleprompt,
  title={Visual Style Prompting with Swapping Self-Attention},
  author={Jeong, Jaeseok and Kim, Junho and Choi, Yunjey and Lee, Gayoung and Uh, Youngjung},
  journal={arXiv preprint arXiv:2402.12974},
  year={2024}
}

% more image-driven generation
@inproceedings{yang2023paintbyexample,
  title={Paint by example: Exemplar-based image editing with diffusion models},
  author={Yang, Binxin and Gu, Shuyang and Zhang, Bo and Zhang, Ting and Chen, Xuejin and Sun, Xiaoyan and Chen, Dong and Wen, Fang},
  booktitle={Proceedings of the IEEE/CVF Conference on Computer Vision and Pattern Recognition},
  pages={18381--18391},
  year={2023}
}

@misc{radford2021clip,
      title={Learning Transferable Visual Models From Natural Language Supervision}, 
      author={Alec Radford and Jong Wook Kim and Chris Hallacy and Aditya Ramesh and Gabriel Goh and Sandhini Agarwal and Girish Sastry and Amanda Askell and Pamela Mishkin and Jack Clark and Gretchen Krueger and Ilya Sutskever},
      year={2021},
      eprint={2103.00020},
      archivePrefix={arXiv},
      primaryClass={cs.CV}
}

@inproceedings{cao2023masactrl,
  title={Masactrl: Tuning-free mutual self-attention control for consistent image synthesis and editing},
  author={Cao, Mingdeng and Wang, Xintao and Qi, Zhongang and Shan, Ying and Qie, Xiaohu and Zheng, Yinqiang},
  booktitle={Proceedings of the IEEE/CVF International Conference on Computer Vision},
  pages={22560--22570},
  year={2023}
}

@misc{referenceonlycontrol,
    title={Reference-only controlnet},
    author={Lvmin Zhang},
    url={https://github.com/Mikubill/sd-webui-controlnet/discussions/1236},
    year={2023}
}

% dataset
@inproceedings{liuLQWTcvpr16DeepFashion,
 author = {Liu, Ziwei and Luo, Ping and Qiu, Shi and Wang, Xiaogang and Tang, Xiaoou},
 title = {DeepFashion: Powering Robust Clothes Recognition and Retrieval with Rich Annotations},
 booktitle = {Proceedings of IEEE Conference on Computer Vision and Pattern Recognition (CVPR)},
 month = {June},
 year = {2016}
 }

% schedule
@article{song2020ddim,
  title={Denoising diffusion implicit models},
  author={Song, Jiaming and Meng, Chenlin and Ermon, Stefano},
  journal={arXiv preprint arXiv:2010.02502},
  year={2020}
}

% image variation
@misc{sdimagevariation,
    title={Stable diffusion image variations},
    author={Lambda Labs},
    url={https://huggingface.co/lambdalabs/sd-image-variations-diffusers},
    year={2022}
}

@InProceedings{wang2021realesrgan,
    author    = {Xintao Wang and Liangbin Xie and Chao Dong and Ying Shan},
    title     = {Real-ESRGAN: Training Real-World Blind Super-Resolution with Pure Synthetic Data},
    booktitle = {International Conference on Computer Vision Workshops (ICCVW)},
    date      = {2021}
}

@inproceedings{cao2017realtime,
  title={Realtime multi-person 2d pose estimation using part affinity fields},
  author={Cao, Zhe and Simon, Tomas and Wei, Shih-En and Sheikh, Yaser},
  booktitle={Proceedings of the IEEE conference on computer vision and pattern recognition},
  pages={7291--7299},
  year={2017}
}

@misc{InsightFaceProject,
  author = {Jiankang Deng and Jia Guo and others},
  title = {{InsightFace: 2D and 3D Face Analysis Project}},
  year = {2018},
  howpublished = {\url{https://github.com/deepinsight/insightface}},
  note = {Accessed: 2024-04-11}
}

@inproceedings{deng2018arcface,
title={ArcFace: Additive Angular Margin Loss for Deep Face Recognition},
author={Deng, Jiankang and Guo, Jia and Niannan, Xue and Zafeiriou, Stefanos},
booktitle={CVPR},
year={2019}
}

@inproceedings{yang2023dwpose,
  title={Effective whole-body pose estimation with two-stages distillation},
  author={Yang, Zhendong and Zeng, Ailing and Yuan, Chun and Li, Yu},
  booktitle={Proceedings of the IEEE/CVF International Conference on Computer Vision},
  pages={4210--4220},
  year={2023}
}

@misc{oquab2024dinov2,
      title={DINOv2: Learning Robust Visual Features without Supervision}, 
      author={Maxime Oquab and Timothée Darcet and Théo Moutakanni and Huy Vo and Marc Szafraniec and Vasil Khalidov and Pierre Fernandez and Daniel Haziza and Francisco Massa and Alaaeldin El-Nouby and Mahmoud Assran and Nicolas Ballas and Wojciech Galuba and Russell Howes and Po-Yao Huang and Shang-Wen Li and Ishan Misra and Michael Rabbat and Vasu Sharma and Gabriel Synnaeve and Hu Xu and Hervé Jegou and Julien Mairal and Patrick Labatut and Armand Joulin and Piotr Bojanowski},
      year={2024},
      eprint={2304.07193},
      archivePrefix={arXiv},
      primaryClass={cs.CV}
}

@misc{fu2023dreamsim,
      title={DreamSim: Learning New Dimensions of Human Visual Similarity using Synthetic Data}, 
      author={Stephanie Fu and Netanel Tamir and Shobhita Sundaram and Lucy Chai and Richard Zhang and Tali Dekel and Phillip Isola},
      year={2023},
      eprint={2306.09344},
      archivePrefix={arXiv},
      primaryClass={cs.CV}
}

@article{huang2023epidiff,
  title={EpiDiff: Enhancing Multi-View Synthesis via Localized Epipolar-Constrained Diffusion},
  author={Huang, Zehuan and Wen, Hao and Dong, Junting and Wang, Yaohui and Li, Yangguang and Chen, Xinyuan and Cao, Yan-Pei and Liang, Ding and Qiao, Yu and Dai, Bo and others},
  journal={arXiv preprint arXiv:2312.06725},
  year={2023}
}

@inproceedings{choi2021viton,
  title={Viton-hd: High-resolution virtual try-on via misalignment-aware normalization},
  author={Choi, Seunghwan and Park, Sunghyun and Lee, Minsoo and Choo, Jaegul},
  booktitle={Proceedings of the IEEE/CVF conference on computer vision and pattern recognition},
  pages={14131--14140},
  year={2021}
}

@inproceedings{morelli2022dress,
  title={Dress code: high-resolution multi-category virtual try-on},
  author={Morelli, Davide and Fincato, Matteo and Cornia, Marcella and Landi, Federico and Cesari, Fabio and Cucchiara, Rita},
  booktitle={Proceedings of the IEEE/CVF Conference on Computer Vision and Pattern Recognition},
  pages={2231--2235},
  year={2022}
}

@article{zablotskaia2019dwnet,
  title={Dwnet: Dense warp-based network for pose-guided human video generation},
  author={Zablotskaia, Polina and Siarohin, Aliaksandr and Zhao, Bo and Sigal, Leonid},
  journal={arXiv preprint arXiv:1910.09139},
  year={2019}
}